Unnamed: 0,index,chrom,snp_name,cM,bp,base,DATE ADDED TO CATALOG,PUBMEDID,FIRST AUTHOR,DATE,JOURNAL,LINK,STUDY,DISEASE/TRAIT,INITIAL SAMPLE SIZE,REPLICATION SAMPLE SIZE,REGION,CHR_ID,CHR_POS,REPORTED GENE(S),MAPPED_GENE,UPSTREAM_GENE_ID,DOWNSTREAM_GENE_ID,SNP_GENE_IDS,UPSTREAM_GENE_DISTANCE,DOWNSTREAM_GENE_DISTANCE,STRONGEST SNP-RISK ALLELE,SNPS,MERGED,SNP_ID_CURRENT,CONTEXT,INTERGENIC,RISK ALLELE FREQUENCY,P-VALUE,PVALUE_MLOG,P-VALUE (TEXT),OR or BETA,95% CI (TEXT),PLATFORM [SNPS PASSING QC],CNV,MAPPED_TRAIT,MAPPED_TRAIT_URI,STUDY ACCESSION,GENOTYPING TECHNOLOGY,slice_bp1,slice_bp2
852,77831,10,rs12784396,120.09,102027407,C,2019-02-13,29507422,Hoffmann TJ,2018-03-05,Nat Genet,www.ncbi.nlm.nih.gov/pubmed/29507422,A large electronic-health-record-based genome-wide study of serum lipids.,Total cholesterol levels,"265,204 European ancestry individuals, 7,795 Hispanic individuals, 6,855 East Asian ancestry individuals, 2,958 African American individuals, 439 South Asian ancestry individuals",,10q24.31,10,100267650,NR,CWF19L1,,,ENSG00000095485,,,rs12784396-C,rs12784396,0,12784396.0,5_prime_UTR_variant,0.0,NR,2e-09,8.698970004336019,,0.02,unit decrease,Affymetrix [at least 7091467] (imputed),N,total cholesterol measurement,http://www.ebi.ac.uk/efo/EFO_0004574,GCST007134,Genome-wide genotyping array,100241204,102491832
852,77831,10,rs12784396,120.09,102027407,C,2019-02-14,29507422,Hoffmann TJ,2018-03-05,Nat Genet,www.ncbi.nlm.nih.gov/pubmed/29507422,A large electronic-health-record-based genome-wide study of serum lipids.,Total cholesterol levels,"76,627 European ancestry individuals, 7,795 Hispanic individuals, 6,855 East Asian ancestry individuals, 2,958 African American individuals, 439 South Asian ancestry individuals",,10q24.31,10,100267650,,CWF19L1,,,ENSG00000095485,,,rs12784396-C,rs12784396,0,12784396.0,5_prime_UTR_variant,0.0,NR,3e-06,5.522878745280337,,0.021,unit decrease,Affymetrix [at least 7091467] (imputed),N,total cholesterol measurement,http://www.ebi.ac.uk/efo/EFO_0004574,GCST007143,Genome-wide genotyping array,100241204,102491832
852,77831,10,rs12784396,120.09,102027407,C,2019-02-13,29507422,Hoffmann TJ,2018-03-05,Nat Genet,www.ncbi.nlm.nih.gov/pubmed/29507422,A large electronic-health-record-based genome-wide study of serum lipids.,High density lipoprotein cholesterol levels,"265,204 European ancestry individuals, 7,795 Hispanic individuals, 6,855 East Asian ancestry individuals, 2,958 African American individuals, 439 South Asian ancestry individuals",,10q24.31,10,100267650,NR,CWF19L1,,,ENSG00000095485,,,rs12784396-C,rs12784396,0,12784396.0,5_prime_UTR_variant,0.0,NR,9e-07,6.045757490560675,,0.014,unit decrease,Affymetrix [at least 7091467] (imputed),N,high density lipoprotein cholesterol measurement,http://www.ebi.ac.uk/efo/EFO_0004612,GCST007132,Genome-wide genotyping array,100241204,102491832
882,77861,10,rs17112901,120.1084,102066185,C,2013-04-09,23251661,Comuzzie AG,2012-12-04,PLoS One,www.ncbi.nlm.nih.gov/pubmed/23251661,Novel genetic loci identified for the pathophysiology of childhood obesity in the Hispanic population.,Obesity-related traits,815 Hispanic children from 263 families,,10q24.31,10,100306428,PKD2L1,PKD2L1,,,ENSG00000107593,,,rs17112901-A,rs17112901,0,17112901.0,intron_variant,0.0,0.163,2e-06,5.698970004336019,(Total antioxidants ),0.03,[NR] mM increase,Illumina [899892],N,antioxidant measurement,http://www.ebi.ac.uk/efo/EFO_0005119,GCST001762,Genome-wide genotyping array,100241204,102491832
885,77864,10,rs10786585,120.1149,102069335,A,2022-07-04,33462482,Ruhlemann MC,2021-01-18,Nat Genet,www.ncbi.nlm.nih.gov/pubmed/33462482,"Genome-wide association study in 8,956 German individuals identifies influence of ABO histo-blood groups on gut microbiome.",TestASV_27 (Ruminococcaceae) prevalence,"8,956 German ancestry individuals",,10q24.31,10,100309578,,PKD2L1,,,ENSG00000107593,,,rs10786585-?,rs10786585,0,10786585.0,intron_variant,0.0,NR,3e-06,5.522878745280337,,0.19792254,[0.12-0.28] unit decrease,NR [6900000] (imputed),N,gut microbiome measurement,http://www.ebi.ac.uk/efo/EFO_0007874,GCST90011701,Genome-wide genotyping array,100241204,102491832
890,77869,10,rs677603,120.1204,102072018,C,2021-06-29,33462484,Sinnott-Armstrong N,2021-01-18,Nat Genet,www.ncbi.nlm.nih.gov/pubmed/33462484,Genetics of 35 blood and urine biomarkers in the UK Biobank.,Aspartate aminotransferase levels,"341,246 European ancestry individuals, 5,982 African ancestry individuals, 7,313 South Asian ancestry individuals",,10q24.31,10,100312261,NR,PKD2L1,,,ENSG00000107593,,,rs677603-T,rs677603,0,677603.0,intron_variant,0.0,NR,2e-19,18.69897000433602,,0.0244,[0.019-0.03] unit decrease,Affymetrix [9000000] (imputed),N,aspartate aminotransferase measurement,http://www.ebi.ac.uk/efo/EFO_0004736,GCST90019497,Genome-wide genotyping array,100241204,102491832
890,77869,10,rs677603,120.1204,102072018,C,2021-06-29,33462484,Sinnott-Armstrong N,2021-01-18,Nat Genet,www.ncbi.nlm.nih.gov/pubmed/33462484,Genetics of 35 blood and urine biomarkers in the UK Biobank.,Aspartate aminotransferase to alanine aminotransferase ratio,"341,165 European ancestry individuals, 5,981 African ancestry individuals, 7,309 South Asian ancestry individuals",,10q24.31,10,100312261,NR,PKD2L1,,,ENSG00000107593,,,rs677603-T,rs677603,0,677603.0,intron_variant,0.0,NR,7.000000000000001e-23,22.154901959985743,,0.0266,[0.021-0.032] unit increase,Affymetrix [9000000] (imputed),N,aspartate aminotransferase to alanine aminotransferase ratio,http://www.ebi.ac.uk/efo/EFO_0010934,GCST90019498,Genome-wide genotyping array,100241204,102491832
890,77869,10,rs677603,120.1204,102072018,C,2021-06-29,33462484,Sinnott-Armstrong N,2021-01-18,Nat Genet,www.ncbi.nlm.nih.gov/pubmed/33462484,Genetics of 35 blood and urine biomarkers in the UK Biobank.,Alanine aminotransferase levels,"342,387 European ancestry individuals, 6,017 African ancestry individuals, 7,325 South Asian ancestry individuals",,10q24.31,10,100312261,NR,PKD2L1,,,ENSG00000107593,,,rs677603-T,rs677603,0,677603.0,intron_variant,0.0,NR,2e-35,34.69897000433602,,0.0335,[0.028-0.039] unit decrease,Affymetrix [9000000] (imputed),N,serum alanine aminotransferase measurement,http://www.ebi.ac.uk/efo/EFO_0004735,GCST90019492,Genome-wide genotyping array,100241204,102491832
893,77872,10,rs603424,120.1276,102075479,G,2014-12-10,24816252,Shin SY,2014-05-11,Nat Genet,www.ncbi.nlm.nih.gov/pubmed/24816252,An atlas of genetic influences on human blood metabolites.,Blood metabolite ratios,"Up to 5,591 European ancestry individuals","Up to 1,767 European ancestry individuals",10q24.31,10,100315722,SCD,PKD2L1,,,ENSG00000107593,,,rs603424-A,rs603424,0,603424.0,intron_variant,0.0,0.18,9.999999999999999e-116,115.0,(myristate (14:0)/myristoleate (14:1n5)),0.054,[0.05-0.058] unit increase,"Affymetrix, Illumina [2100000] (imputed)",N,blood metabolite measurement,http://www.ebi.ac.uk/efo/EFO_0005664,GCST002442,Genome-wide genotyping array,100241204,102491832
893,77872,10,rs603424,120.1276,102075479,G,2014-12-10,24816252,Shin SY,2014-05-11,Nat Genet,www.ncbi.nlm.nih.gov/pubmed/24816252,An atlas of genetic influences on human blood metabolites.,Blood metabolite levels,"7,824 European ancestry individuals",,10q24.31,10,100315722,SCD,PKD2L1,,,ENSG00000107593,,,rs603424-A,rs603424,0,603424.0,intron_variant,0.0,0.19,7e-16,15.154901959985745,(myristoleate (14:1n5)),0.037,[0.027-0.047] unit decrease,"Affymetrix, Illumina [2100000] (imputed)",N,blood metabolite measurement,http://www.ebi.ac.uk/efo/EFO_0005664,GCST002443,Genome-wide genotyping array,100241204,102491832
893,77872,10,rs603424,120.1276,102075479,G,2014-12-10,24816252,Shin SY,2014-05-11,Nat Genet,www.ncbi.nlm.nih.gov/pubmed/24816252,An atlas of genetic influences on human blood metabolites.,Blood metabolite levels,"7,824 European ancestry individuals",,10q24.31,10,100315722,SCD,PKD2L1,,,ENSG00000107593,,,rs603424-A,rs603424,0,603424.0,intron_variant,0.0,0.18,6e-21,20.22184874961636,(stearate (18:0)),0.023,[0.019-0.027] unit increase,"Affymetrix, Illumina [2100000] (imputed)",N,blood metabolite measurement,http://www.ebi.ac.uk/efo/EFO_0005664,GCST002443,Genome-wide genotyping array,100241204,102491832
893,77872,10,rs603424,120.1276,102075479,G,2014-12-10,24816252,Shin SY,2014-05-11,Nat Genet,www.ncbi.nlm.nih.gov/pubmed/24816252,An atlas of genetic influences on human blood metabolites.,Blood metabolite levels,"7,824 European ancestry individuals",,10q24.31,10,100315722,SCD,PKD2L1,,,ENSG00000107593,,,rs603424-A,rs603424,0,603424.0,intron_variant,0.0,0.18,1e-14,14.0,(palmitoleate (16:1n7)),0.037,[0.027-0.047] unit decrease,"Affymetrix, Illumina [2100000] (imputed)",N,blood metabolite measurement,http://www.ebi.ac.uk/efo/EFO_0005664,GCST002443,Genome-wide genotyping array,100241204,102491832
893,77872,10,rs603424,120.1276,102075479,G,2014-12-10,24816252,Shin SY,2014-05-11,Nat Genet,www.ncbi.nlm.nih.gov/pubmed/24816252,An atlas of genetic influences on human blood metabolites.,Blood metabolite levels,"7,824 European ancestry individuals",,10q24.31,10,100315722,SCD,PKD2L1,,,ENSG00000107593,,,rs603424-A,rs603424,0,603424.0,intron_variant,0.0,0.19,2e-14,13.69897000433602,(margarate (17:0)),0.029,[0.021-0.037] unit increase,"Affymetrix, Illumina [2100000] (imputed)",N,blood metabolite measurement,http://www.ebi.ac.uk/efo/EFO_0005664,GCST002443,Genome-wide genotyping array,100241204,102491832
893,77872,10,rs603424,120.1276,102075479,G,2014-11-01,24625756,Yu B,2014-03-13,PLoS Genet,www.ncbi.nlm.nih.gov/pubmed/24625756,Genetic determinants influencing human serum metabolome among African Americans.,Serum metabolite levels,"1,260 African American individuals",,10q24.31,10,100315722,PKD2L1,PKD2L1,,,ENSG00000107593,,,rs603424-G,rs603424,0,603424.0,intron_variant,0.0,0.32,1e-11,11.0,(Palmitoleate (16:1n7)),0.11,[NR] unit increase,Affymetrix [2341704] (imputed),N,serum metabolite measurement,http://www.ebi.ac.uk/efo/EFO_0005653,GCST002388,Genome-wide genotyping array,100241204,102491832
893,77872,10,rs603424,120.1276,102075479,G,2019-02-08,30595370,Kichaev G,2018-12-27,Am J Hum Genet,www.ncbi.nlm.nih.gov/pubmed/30595370,Leveraging Polygenic Functional Enrichment to Improve GWAS Power.,Heel bone mineral density,"approximately 446,000 European ancestry individuals",,10q24.31,10,100315722,,PKD2L1,,,ENSG00000107593,,,rs603424-?,rs603424,0,603424.0,intron_variant,0.0,NR,5e-25,24.30102999566398,,,,NR [~ 8900000] (imputed),N,heel bone mineral density,http://www.ebi.ac.uk/efo/EFO_0009270,GCST007066,Genome-wide genotyping array,100241204,102491832
893,77872,10,rs603424,120.1276,102075479,G,2020-07-14,32154731,Ripatti P,2020-03-10,Circ Genom Precis Med,www.ncbi.nlm.nih.gov/pubmed/32154731,Polygenic Hyperlipidemias and Coronary Artery Disease Risk.,Low density lipoprotein cholesterol levels,"324,708 British ancestry individuals",,10q24.31,10,100315722,PKD2L1,PKD2L1,,,ENSG00000107593,,,rs603424-?,rs603424,0,603424.0,intron_variant,0.0,NR,3e-11,10.522878745280336,,0.0228,[0.017-0.029] unit increase,Affymetrix [5701386] (imputed),N,low density lipoprotein cholesterol measurement,http://www.ebi.ac.uk/efo/EFO_0004611,GCST010204,Genome-wide genotyping array,100241204,102491832
893,77872,10,rs603424,120.1276,102075479,G,2019-01-28,30598549,Morris JA,2018-12-31,Nat Genet,www.ncbi.nlm.nih.gov/pubmed/30598549,An atlas of genetic influences on osteoporosis in humans and mice.,Heel bone mineral density,"426,824 British ancestry individuals",,10q24.31,10,100315722,PKD2L1,PKD2L1,,,ENSG00000107593,,,rs603424-G,rs603424,0,603424.0,intron_variant,0.0,0.83133,4e-41,40.39794000867204,,0.0333491,[0.028-0.038] unit increase,NR [13737936] (imputed),N,heel bone mineral density,http://www.ebi.ac.uk/efo/EFO_0009270,GCST006979,Genome-wide genotyping array,100241204,102491832
893,77872,10,rs603424,120.1276,102075479,G,2019-12-10,31636271,Gallois A,2019-10-21,Nat Commun,www.ncbi.nlm.nih.gov/pubmed/31636271,A comprehensive study of metabolite genetics reveals strong pleiotropy and heterogeneity across time and context.,Serum metabolite levels (CMS),"6,263 Finnish ancestry men",,10q24.31,10,100315722,PKD2L1,PKD2L1,,,ENSG00000107593,,,rs603424-?,rs603424,0,603424.0,intron_variant,0.0,NR,7e-11,10.154901959985745,(MUFA_FA),0.040770594,NR unit decrease,Illumina [609262],N,serum metabolite measurement,http://www.ebi.ac.uk/efo/EFO_0005653,GCST009240,Genome-wide genotyping array,100241204,102491832
893,77872,10,rs603424,120.1276,102075479,G,2017-08-30,27863252,Astle WJ,2016-11-17,Cell,www.ncbi.nlm.nih.gov/pubmed/27863252,The Allelic Landscape of Human Blood Cell Trait Variation and Links to Common Complex Disease.,Mean platelet volume,"164,454 European ancestry individuals",,10q24.31,10,100315722,PKD2L1,PKD2L1,,,ENSG00000107593,,,rs603424-A,rs603424,0,603424.0,intron_variant,0.0,0.1731,5e-31,30.30102999566398,,0.05547052,[0.046-0.065] unit decrease,Affymetrix [~ 2500000] (imputed),N,mean platelet volume,http://www.ebi.ac.uk/efo/EFO_0004584,GCST004599,Genome-wide genotyping array,100241204,102491832
893,77872,10,rs603424,120.1276,102075479,G,2017-07-13,28298293,Hu Y,2017-03-15,J Lipid Res,www.ncbi.nlm.nih.gov/pubmed/28298293,Discovery and fine-mapping of loci associated with MUFAs through trans-ethnic meta-analysis in Chinese and European populations.,Palmitoleic acid (16:1n-7) levels,"3,521 Chinese ancestry individuals, European individuals (see Wu 2013).",,10q24.31,10,100315722,PKD2L1,PKD2L1,,,ENSG00000107593,,,rs603424-A,rs603424,0,603424.0,intron_variant,0.0,NR,4e-15,14.397940008672036,,0.03,[0.022-0.038] unit decrease,"Affymetrix, Illumina [~ 2200000] (imputed)",N,palmitoleic acid measurement,http://www.ebi.ac.uk/efo/EFO_0007973,GCST004339,Genome-wide genotyping array,100241204,102491832
893,77872,10,rs603424,120.1276,102075479,G,2017-07-13,28298293,Hu Y,2017-03-15,J Lipid Res,www.ncbi.nlm.nih.gov/pubmed/28298293,Discovery and fine-mapping of loci associated with MUFAs through trans-ethnic meta-analysis in Chinese and European populations.,Vaccenic acid (18:1n-7) levels,"3,521 Chinese ancestry individuals, 12,020 European ancestry individuals",,10q24.31,10,100315722,"PKD2L1, SCD",PKD2L1,,,ENSG00000107593,,,rs603424-A,rs603424,0,603424.0,intron_variant,0.0,0.204,6e-17,16.221848749616356,(EA),0.035,[0.027-0.043] unit decrease,"Affymetrix, Illumina [2200000] (imputed)",N,vaccenic acid measurement,http://www.ebi.ac.uk/efo/EFO_0007974,GCST004342,Genome-wide genotyping array,100241204,102491832
893,77872,10,rs603424,120.1276,102075479,G,2017-07-13,28298293,Hu Y,2017-03-15,J Lipid Res,www.ncbi.nlm.nih.gov/pubmed/28298293,Discovery and fine-mapping of loci associated with MUFAs through trans-ethnic meta-analysis in Chinese and European populations.,Vaccenic acid (18:1n-7) levels,"3,521 Chinese ancestry individuals, 12,020 European ancestry individuals",,10q24.31,10,100315722,"SCD, PKD2L1",PKD2L1,,,ENSG00000107593,,,rs603424-A,rs603424,0,603424.0,intron_variant,0.0,NR,2e-16,15.69897000433602,,0.032,[0.024-0.04] unit decrease,"Affymetrix, Illumina [2200000] (imputed)",N,vaccenic acid measurement,http://www.ebi.ac.uk/efo/EFO_0007974,GCST004342,Genome-wide genotyping array,100241204,102491832
893,77872,10,rs603424,120.1276,102075479,G,2021-07-09,33031748,Feofanova EV,2020-10-01,Am J Hum Genet,www.ncbi.nlm.nih.gov/pubmed/33031748,A Genome-wide Association Study Discovers 46 Loci of the Human Metabolome in the Hispanic Community Health Study/Study of Latinos.,Serum metabolite levels,"3,926 Hispanic/Latino individuals",,10q24.31,10,100315722,PKD2L1,PKD2L1,,,ENSG00000107593,,,rs603424-G,rs603424,0,603424.0,intron_variant,0.0,0.73217,2e-13,12.69897000433602,(5-dodecenoate (12:1n7)),0.198,[0.15-0.25] unit increase,Illumina [13039987] (imputed),N,serum metabolite measurement,http://www.ebi.ac.uk/efo/EFO_0005653,GCST012020,Genome-wide genotyping array,100241204,102491832
893,77872,10,rs603424,120.1276,102075479,G,2021-07-09,33031748,Feofanova EV,2020-10-01,Am J Hum Genet,www.ncbi.nlm.nih.gov/pubmed/33031748,A Genome-wide Association Study Discovers 46 Loci of the Human Metabolome in the Hispanic Community Health Study/Study of Latinos.,Serum metabolite levels,"3,926 Hispanic/Latino individuals",,10q24.31,10,100315722,PKD2L1,PKD2L1,,,ENSG00000107593,,,rs603424-G,rs603424,0,603424.0,intron_variant,0.0,0.73217,2e-15,14.69897000433602,(myristoleate (14:1n5)),0.215,[0.16-0.27] unit increase,Illumina [13039987] (imputed),N,serum metabolite measurement,http://www.ebi.ac.uk/efo/EFO_0005653,GCST012020,Genome-wide genotyping array,100241204,102491832
893,77872,10,rs603424,120.1276,102075479,G,2021-07-09,33031748,Feofanova EV,2020-10-01,Am J Hum Genet,www.ncbi.nlm.nih.gov/pubmed/33031748,A Genome-wide Association Study Discovers 46 Loci of the Human Metabolome in the Hispanic Community Health Study/Study of Latinos.,Serum metabolite levels,"3,926 Hispanic/Latino individuals",,10q24.31,10,100315722,PKD2L1,PKD2L1,,,ENSG00000107593,,,rs603424-G,rs603424,0,603424.0,intron_variant,0.0,0.73217,3e-17,16.522878745280337,(palmitoleate (16:1n7)),0.227,[0.17-0.28] unit increase,Illumina [13039987] (imputed),N,serum metabolite measurement,http://www.ebi.ac.uk/efo/EFO_0005653,GCST012020,Genome-wide genotyping array,100241204,102491832
893,77872,10,rs603424,120.1276,102075479,G,2020-12-11,33020668,Koyama S,2020-10-05,Nat Genet,www.ncbi.nlm.nih.gov/pubmed/33020668,Population-specific and trans-ancestry genome-wide analyses identify distinct and shared genetic risk loci for coronary artery disease.,Coronary artery disease,"25,892 Japanese ancestry cases, 95,342 European ancestry cases, 142,336 Japanese ancestry controls, 385,488 European ancestry controls",,10q24.31,10,100315722,PKD2L1,PKD2L1,,,ENSG00000107593,,,rs603424-?,rs603424,0,603424.0,intron_variant,0.0,NR,6e-09,8.221848749616356,,0.0400637,[0.027-0.054] unit increase,Illumina [4804024] (imputed),N,coronary artery disease,http://www.ebi.ac.uk/efo/EFO_0001645,GCST010866,Genome-wide genotyping array,100241204,102491832
893,77872,10,rs603424,120.1276,102075479,G,2021-07-09,33031748,Feofanova EV,2020-10-01,Am J Hum Genet,www.ncbi.nlm.nih.gov/pubmed/33031748,A Genome-wide Association Study Discovers 46 Loci of the Human Metabolome in the Hispanic Community Health Study/Study of Latinos.,Serum metabolite levels,"3,926 Hispanic/Latino individuals",,10q24.31,10,100315722,PKD2L1,PKD2L1,,,ENSG00000107593,,,rs603424-G,rs603424,0,603424.0,intron_variant,0.0,0.73217,2e-14,13.69897000433602,(1-(1-enyl-palmitoyl)-2-palmitoleoyl-GPC (P-16:0/16:1)*),0.209,[0.16-0.26] unit increase,Illumina [13039987] (imputed),N,serum metabolite measurement,http://www.ebi.ac.uk/efo/EFO_0005653,GCST012020,Genome-wide genotyping array,100241204,102491832
893,77872,10,rs603424,120.1276,102075479,G,2020-09-21,32888493,Chen MH,2020-09-01,Cell,www.ncbi.nlm.nih.gov/pubmed/32888493,"Trans-ethnic and Ancestry-Specific Blood-Cell Genetics in 746,667 Individuals from 5 Global Populations.",Lymphocyte count,"524,923 European ancestry individuals",,10q24.31,10,100315722,NR,PKD2L1,,,ENSG00000107593,,,rs603424-A,rs603424,0,603424.0,intron_variant,0.0,0.174511,3e-16,15.522878745280336,,0.020453,[0.016-0.025] SD unit increase,"Affymetrix, Illumina [50265552] (imputed)",N,lymphocyte count,http://www.ebi.ac.uk/efo/EFO_0004587,GCST90002316,Genome-wide genotyping array,100241204,102491832
893,77872,10,rs603424,120.1276,102075479,G,2019-04-24,30453627,Marklund M,2018-11-17,Nutrients,www.ncbi.nlm.nih.gov/pubmed/30453627,Genome-Wide Association Studies of Estimated Fatty Acid Desaturase Activity in Serum and Adipose Tissue in Elderly Individuals: Associations with Insulin Sensitivity.,Fatty acid desaturase activity (adipose tissue),783 European ancestry individuals,,10q24.31,10,100315722,PKD2L1,PKD2L1,,,ENSG00000107593,,,rs603424-A,rs603424,0,603424.0,intron_variant,0.0,0.14,2e-19,18.69897000433602,(SCD),,,Illumina [1621833] (imputed),N,fatty acid desaturase enzyme activity measurement,http://www.ebi.ac.uk/efo/EFO_0009791,GCST007636,Genome-wide genotyping array,100241204,102491832
893,77872,10,rs603424,120.1276,102075479,G,2018-05-30,29545352,Li Y,2018-03-15,J Am Soc Nephrol,www.ncbi.nlm.nih.gov/pubmed/29545352,Genome-Wide Association Studies of Metabolites in Patients with CKD Identify Multiple Loci and Illuminate Tubular Transport Mechanisms.,Serum metabolite ratios in chronic kidney disease,"1,143 European ancestry cases",,10q24.31,10,100315722,PKD2L1,PKD2L1,,,ENSG00000107593,,,rs603424-A,rs603424,0,603424.0,intron_variant,0.0,NR,3e-13,12.522878745280336,(Lysophosphatidylcholine with acyl residue C16:0/Lysophosphatidylcholine with acyl residue C16:1),0.35231,[0.26-0.45] unit increase,Illumina [up to 9281895] (imputed),N,serum metabolite measurement,http://www.ebi.ac.uk/efo/EFO_0005653,GCST005650,Genome-wide genotyping array,100241204,102491832
893,77872,10,rs603424,120.1276,102075479,G,2016-06-02,26068415,Draisma HHM,2015-06-12,Nat Commun,www.ncbi.nlm.nih.gov/pubmed/26068415,Genome-wide association study identifies novel genetic variants contributing to variation in blood metabolite levels.,Glycerophospholipid levels,"up to 7,478 European ancestry individuals","1,182 European ancestry individuals",10q24.31,10,100315722,"PKD2L1, SCD",PKD2L1,,,ENSG00000107593,,,rs603424-A,rs603424,0,603424.0,intron_variant,0.0,0.1724,9e-19,18.045757490560675,(lysoPhosphatidylcholine acyl C16:1),0.066,[0.051-0.081] unit decrease,"Affymetrix, Illumina [at least 296619] (imputed)",N,"glycerophospholipid measurement, blood metabolite measurement","http://www.ebi.ac.uk/efo/EFO_0007630, http://www.ebi.ac.uk/efo/EFO_0005664",GCST002965,Genome-wide genotyping array,100241204,102491832
893,77872,10,rs603424,120.1276,102075479,G,2018-09-20,28869591,Kemp JP,2017-09-04,Nat Genet,www.ncbi.nlm.nih.gov/pubmed/28869591,Identification of 153 new loci associated with heel bone mineral density and functional involvement of GPC6 in osteoporosis.,Heel bone mineral density,"76,067 European ancestry women, 66,420 European ancestry men",,10q24.31,10,100315722,PKD2L1,PKD2L1,,,ENSG00000107593,,,rs603424-G,rs603424,0,603424.0,intron_variant,0.0,0.827238,3e-09,8.522878745280337,(women),0.0362839,[0.024-0.048] unit increase,NR [17166351] (imputed),N,heel bone mineral density,http://www.ebi.ac.uk/efo/EFO_0009270,GCST006288,Genome-wide genotyping array,100241204,102491832
893,77872,10,rs603424,120.1276,102075479,G,2018-01-29,29212778,van der Harst P,2017-12-06,Circ Res,www.ncbi.nlm.nih.gov/pubmed/29212778,Identification of 64 Novel Genetic Loci Provides an Expanded View on the Genetic Architecture of Coronary Artery Disease.,Coronary artery disease,"34,541 cases, 261,984 controls","88,192 cases, 162,544 controls",10q24.31,10,100315722,PKD2L1,PKD2L1,,,ENSG00000107593,,,rs603424-A,rs603424,0,603424.0,intron_variant,0.0,0.215,3e-06,5.522878745280337,,0.033,[0.019-0.047] unit increase,Affymetrix [7947838] (imputed),N,coronary artery disease,http://www.ebi.ac.uk/efo/EFO_0001645,GCST005194,Genome-wide genotyping array,100241204,102491832
893,77872,10,rs603424,120.1276,102075479,G,2018-09-20,28869591,Kemp JP,2017-09-04,Nat Genet,www.ncbi.nlm.nih.gov/pubmed/28869591,Identification of 153 new loci associated with heel bone mineral density and functional involvement of GPC6 in osteoporosis.,Heel bone mineral density,"76,067 European ancestry women, 66,420 European ancestry men",,10q24.31,10,100315722,PKD2L1,PKD2L1,,,ENSG00000107593,,,rs603424-G,rs603424,0,603424.0,intron_variant,0.0,0.826911,3e-12,11.522878745280336,,0.0309871,[0.022-0.04] unit increase,NR [17166351] (imputed),N,heel bone mineral density,http://www.ebi.ac.uk/efo/EFO_0009270,GCST006288,Genome-wide genotyping array,100241204,102491832
893,77872,10,rs603424,120.1276,102075479,G,2013-06-06,23362303,Wu JH,2013-01-29,Circ Cardiovasc Genet,www.ncbi.nlm.nih.gov/pubmed/23362303,Genome-wide association study identifies novel loci associated with concentrations of four plasma phospholipid fatty acids in the de novo lipogenesis pathway: results from the Cohorts for Heart and Aging Research in Genomic Epidemiology (CHARGE) consortium.,Palmitic acid (16:0) levels,"8,961 European ancestry individuals",,10q24.31,10,100315722,"PKD2L1, SCD",PKD2L1,,,ENSG00000107593,,,rs603424-A,rs603424,0,603424.0,intron_variant,0.0,NR,2e-07,6.698970004336019,,0.1891,unit increase,"Affymetrix, Illumina [~ 2500000] (imputed)",N,fatty acid measurement,http://www.ebi.ac.uk/efo/EFO_0005110,GCST001838,Genome-wide genotyping array,100241204,102491832
893,77872,10,rs603424,120.1276,102075479,G,2013-06-06,23362303,Wu JH,2013-01-29,Circ Cardiovasc Genet,www.ncbi.nlm.nih.gov/pubmed/23362303,Genome-wide association study identifies novel loci associated with concentrations of four plasma phospholipid fatty acids in the de novo lipogenesis pathway: results from the Cohorts for Heart and Aging Research in Genomic Epidemiology (CHARGE) consortium.,Palmitoleic acid (16:1n-7) levels,"8,961 European ancestry individuals",,10q24.31,10,100315722,PKD2L1,PKD2L1,,,ENSG00000107593,,,rs603424-A,rs603424,0,603424.0,intron_variant,0.0,0.193,6e-15,14.221848749616356,,0.033,[0.024-0.041] unit decrease,"Affymetrix, Illumina [~ 2500000] (imputed)",N,fatty acid measurement,http://www.ebi.ac.uk/efo/EFO_0005110,GCST001841,Genome-wide genotyping array,100241204,102491832
893,77872,10,rs603424,120.1276,102075479,G,2012-02-24,21886157,Suhre K,2011-08-31,Nature,www.ncbi.nlm.nih.gov/pubmed/21886157,Human metabolic individuality in biomedical and pharmaceutical research.,Metabolic traits,"2,820 European ancestry individuals",,10q24.31,10,100315722,SCD,PKD2L1,,,ENSG00000107593,,,rs603424-A,rs603424,0,603424.0,intron_variant,0.0,0.189,3e-57,56.52287874528034,(SM-6 + 94 other traits),0.124,[NR] unit increase,"Affymetrix, Illumina [534665]",N,metabolite measurement,http://www.ebi.ac.uk/efo/EFO_0004725,GCST001217,Genome-wide genotyping array,100241204,102491832
893,77872,10,rs603424,120.1276,102075479,G,2012-03-27,22359512,Demirkan A,2012-02-16,PLoS Genet,www.ncbi.nlm.nih.gov/pubmed/22359512,Genome-wide association study identifies novel loci associated with circulating phospho- and sphingolipid concentrations.,Phospholipid levels (plasma),"4,034 European ancestry individuals",,10q24.31,10,100315722,PKD2L1,PKD2L1,,,ENSG00000107593,,,rs603424-?,rs603424,0,603424.0,intron_variant,0.0,NR,6e-14,13.221848749616356,(levels),1.4,[NR] % increase,Illumina [NR] (imputed),N,phospholipid measurement,http://www.ebi.ac.uk/efo/EFO_0004639,GCST001414,Genome-wide genotyping array,100241204,102491832
893,77872,10,rs603424,120.1276,102075479,G,2020-09-21,32888493,Chen MH,2020-09-01,Cell,www.ncbi.nlm.nih.gov/pubmed/32888493,"Trans-ethnic and Ancestry-Specific Blood-Cell Genetics in 746,667 Individuals from 5 Global Populations.",Mean platelet volume,"484,042 African American or Afro-Caribbean, African ancestry, European ancestry, East Asian ancestry, Hispanic or Latin American and South Asian ancestry individuals",,10q24.31,10,100315722,NR,PKD2L1,,,ENSG00000107593,,,rs603424-G,rs603424,0,603424.0,intron_variant,0.0,0.80981,3e-108,107.52287874528034,,,,"Affymetrix, Illumina [17210439] (imputed)",N,mean platelet volume,http://www.ebi.ac.uk/efo/EFO_0004584,GCST90002349,Genome-wide genotyping array,100241204,102491832
893,77872,10,rs603424,120.1276,102075479,G,2020-09-21,32888493,Chen MH,2020-09-01,Cell,www.ncbi.nlm.nih.gov/pubmed/32888493,"Trans-ethnic and Ancestry-Specific Blood-Cell Genetics in 746,667 Individuals from 5 Global Populations.",Monocyte count,"639,696 African American or Afro-Caribbean, African ancestry, European ancestry, East Asian ancestry, Hispanic or Latin American and South Asian ancestry individuals",,10q24.31,10,100315722,NR,PKD2L1,,,ENSG00000107593,,,rs603424-A,rs603424,0,603424.0,intron_variant,0.0,0.16872,3e-11,10.522878745280336,,,,"Affymetrix, Illumina [23467995] (imputed)",N,monocyte count,http://www.ebi.ac.uk/efo/EFO_0005091,GCST90002344,Genome-wide genotyping array,100241204,102491832
893,77872,10,rs603424,120.1276,102075479,G,2020-09-21,32888493,Chen MH,2020-09-01,Cell,www.ncbi.nlm.nih.gov/pubmed/32888493,"Trans-ethnic and Ancestry-Specific Blood-Cell Genetics in 746,667 Individuals from 5 Global Populations.",Mean platelet volume,"460,935 European ancestry individuals",,10q24.31,10,100315722,NR,PKD2L1,,,ENSG00000107593,,,rs603424-G,rs603424,0,603424.0,intron_variant,0.0,0.826997,5e-110,109.30102999566398,,0.056836,[0.052-0.062] SD unit increase,"Affymetrix, Illumina [49660172] (imputed)",N,mean platelet volume,http://www.ebi.ac.uk/efo/EFO_0004584,GCST90002346,Genome-wide genotyping array,100241204,102491832
893,77872,10,rs603424,120.1276,102075479,G,2020-09-18,32888494,Vuckovic D,2020-09-01,Cell,www.ncbi.nlm.nih.gov/pubmed/32888494,The Polygenic and Monogenic Basis of Blood Traits and Diseases.,Lymphocyte count,"408,112 British individuals",,10q24.31,10,100315722,PKD2L1,PKD2L1,,,ENSG00000107593,,,rs603424-A,rs603424,0,603424.0,intron_variant,0.0,0.171383,4e-14,13.397940008672036,,0.022122512,[0.016-0.028] unit increase,Affymetrix [93095623] (imputed),N,lymphocyte count,http://www.ebi.ac.uk/efo/EFO_0004587,GCST90002388,Genome-wide genotyping array,100241204,102491832
893,77872,10,rs603424,120.1276,102075479,G,2021-02-19,33547301,Chen VL,2021-02-05,Nat Commun,www.ncbi.nlm.nih.gov/pubmed/33547301,Genome-wide association study of serum liver enzymes implicates diverse metabolic and liver pathology.,Serum alkaline phosphatase levels,"390,964 European ancestry individuals","105,030 East Asian ancestry individuals",10q24.31,10,100315722,PKD2L1,PKD2L1,,,ENSG00000107593,,,rs603424-G,rs603424,0,603424.0,intron_variant,0.0,0.83,4e-16,15.397940008672036,,8.15,z-score increase,Affymetrix [4311822] (imputed),N,alkaline phosphatase measurement,http://www.ebi.ac.uk/efo/EFO_0004533,GCST90011900,Genome-wide genotyping array,100241204,102491832
893,77872,10,rs603424,120.1276,102075479,G,2020-09-21,32888493,Chen MH,2020-09-01,Cell,www.ncbi.nlm.nih.gov/pubmed/32888493,"Trans-ethnic and Ancestry-Specific Blood-Cell Genetics in 746,667 Individuals from 5 Global Populations.",Lymphocyte count,"643,370 African American or Afro-Caribbean, African ancestry, European ancestry, East Asian ancestry, Hispanic or Latin American and South Asian ancestry individuals",,10q24.31,10,100315722,NR,PKD2L1,,,ENSG00000107593,,,rs603424-A,rs603424,0,603424.0,intron_variant,0.0,0.168689,4e-15,14.397940008672036,,,,"Affymetrix, Illumina [23472807] (imputed)",N,lymphocyte count,http://www.ebi.ac.uk/efo/EFO_0004587,GCST90002320,Genome-wide genotyping array,100241204,102491832
893,77872,10,rs603424,120.1276,102075479,G,2020-09-21,32888493,Chen MH,2020-09-01,Cell,www.ncbi.nlm.nih.gov/pubmed/32888493,"Trans-ethnic and Ancestry-Specific Blood-Cell Genetics in 746,667 Individuals from 5 Global Populations.",Red cell distribution width,"563,352 African American or Afro-Caribbean, African ancestry, European ancestry, East Asian ancestry, Hispanic or Latin American and South Asian ancestry individuals",,10q24.31,10,100315722,NR,PKD2L1,,,ENSG00000107593,,,rs603424-G,rs603424,0,603424.0,intron_variant,0.0,0.808926,9e-16,15.045757490560677,,,,"Affymetrix, Illumina [22063850] (imputed)",N,red blood cell distribution width,http://www.ebi.ac.uk/efo/EFO_0005192,GCST90002372,Genome-wide genotyping array,100241204,102491832
893,77872,10,rs603424,120.1276,102075479,G,2020-09-18,32888494,Vuckovic D,2020-09-01,Cell,www.ncbi.nlm.nih.gov/pubmed/32888494,The Polygenic and Monogenic Basis of Blood Traits and Diseases.,Mean platelet volume,"408,112 British individuals",,10q24.31,10,100315722,PKD2L1,PKD2L1,,,ENSG00000107593,,,rs603424-A,rs603424,0,603424.0,intron_variant,0.0,0.172128,1e-71,71.0,,0.053817675,[0.048-0.06] unit decrease,Affymetrix [93095623] (imputed),N,mean platelet volume,http://www.ebi.ac.uk/efo/EFO_0004584,GCST90002395,Genome-wide genotyping array,100241204,102491832
893,77872,10,rs603424,120.1276,102075479,G,2020-09-21,32888493,Chen MH,2020-09-01,Cell,www.ncbi.nlm.nih.gov/pubmed/32888493,"Trans-ethnic and Ancestry-Specific Blood-Cell Genetics in 746,667 Individuals from 5 Global Populations.",Red cell distribution width,"531,774 European ancestry individuals",,10q24.31,10,100315722,NR,PKD2L1,,,ENSG00000107593,,,rs603424-G,rs603424,0,603424.0,intron_variant,0.0,0.82495,5e-18,17.30102999566398,,0.021516,[0.017-0.026] SD unit decrease,"Affymetrix, Illumina [49860007] (imputed)",N,red blood cell distribution width,http://www.ebi.ac.uk/efo/EFO_0005192,GCST90002369,Genome-wide genotyping array,100241204,102491832
893,77872,10,rs603424,120.1276,102075479,G,2018-11-29,30224653,Evangelou E,2018-09-17,Nat Genet,www.ncbi.nlm.nih.gov/pubmed/30224653,Genetic analysis of over 1 million people identifies 535 new loci associated with blood pressure traits.,Diastolic blood pressure,"757,601 European ancestry individuals","249,262 European ancestry individuals",10q24.31,10,100315722,PKD2L1,PKD2L1,,,ENSG00000107593,,,rs603424-A,rs603424,0,603424.0,intron_variant,0.0,0.1815,2e-17,16.69897000433602,,0.1717,[0.13-0.21] mmHg increase,"Affymetrix, Illumina [~ 7100000] (imputed)",N,diastolic blood pressure,http://www.ebi.ac.uk/efo/EFO_0006336,GCST006630,Genome-wide genotyping array,100241204,102491832
893,77872,10,rs603424,120.1276,102075479,G,2022-08-24,35762941,Plotnikov D,2022-06-01,Invest Ophthalmol Vis Sci,www.ncbi.nlm.nih.gov/pubmed/35762941,High Blood Pressure and Intraocular Pressure: A Mendelian Randomization Study.,Diastolic blood pressure,"526,001 European ancestry individuals",,10q24.31,10,100315722,,PKD2L1,,,ENSG00000107593,,,rs603424-A,rs603424,0,603424.0,intron_variant,0.0,NR,6e-10,9.221848749616356,,0.1724,[0.12-0.23] unit increase,NR [NR] (imputed),N,diastolic blood pressure,http://www.ebi.ac.uk/efo/EFO_0006336,GCST90132904,Genome-wide genotyping array,100241204,102491832
893,77872,10,rs603424,120.1276,102075479,G,2022-11-17,34887591,Graham SE,2021-12-09,Nature,www.ncbi.nlm.nih.gov/pubmed/34887591,The power of genetic diversity in genome-wide association studies of lipids.,Low density lipoprotein cholesterol levels,"40,963 South Asian ancestry individuals, 48,057 Hispanic individuals, 99,432 Admixed African or African ancestry individuals, 146,492 East Asian ancestry individuals, 1,320,016 European ancestry individuals",,10q24.31,10,100315722,,PKD2L1,,,ENSG00000107593,,,rs603424-?,rs603424,0,603424.0,intron_variant,0.0,NR,1e-15,15.0,,,,NR [52000000] (imputed),N,low density lipoprotein cholesterol measurement,http://www.ebi.ac.uk/efo/EFO_0004611,GCST90239655,Genome-wide genotyping array,100241204,102491832
893,77872,10,rs603424,120.1276,102075479,G,2021-06-29,33462484,Sinnott-Armstrong N,2021-01-18,Nat Genet,www.ncbi.nlm.nih.gov/pubmed/33462484,Genetics of 35 blood and urine biomarkers in the UK Biobank.,Low density lipoprotein cholesterol levels,"341,875 European ancestry individuals, 6,003 African ancestry individuals, 7,319 South Asian ancestry individuals",,10q24.31,10,100315722,NR,PKD2L1,,,ENSG00000107593,,,rs603424-A,rs603424,0,603424.0,intron_variant,0.0,NR,7e-14,13.154901959985745,,0.0235,[0.017-0.03] unit increase,Affymetrix [9000000] (imputed),N,low density lipoprotein cholesterol measurement,http://www.ebi.ac.uk/efo/EFO_0004611,GCST90019512,Genome-wide genotyping array,100241204,102491832
893,77872,10,rs603424,120.1276,102075479,G,2019-02-08,30595370,Kichaev G,2018-12-27,Am J Hum Genet,www.ncbi.nlm.nih.gov/pubmed/30595370,Leveraging Polygenic Functional Enrichment to Improve GWAS Power.,Cardiovascular disease,"approximately 459,000 European ancestry individuals",,10q24.31,10,100315722,,PKD2L1,,,ENSG00000107593,,,rs603424-?,rs603424,0,603424.0,intron_variant,0.0,NR,7e-09,8.154901959985743,,,,NR [~ 8900000] (imputed),N,cardiovascular disease,http://www.ebi.ac.uk/efo/EFO_0000319,GCST007072,Genome-wide genotyping array,100241204,102491832
893,77872,10,rs603424,120.1276,102075479,G,2021-06-29,33462484,Sinnott-Armstrong N,2021-01-18,Nat Genet,www.ncbi.nlm.nih.gov/pubmed/33462484,Genetics of 35 blood and urine biomarkers in the UK Biobank.,Glycated hemoglobin levels,"327,177 European ancestry individuals, 4,847 African ancestry individuals, 6,895 South Asian ancestry individuals",,10q24.31,10,100315722,NR,PKD2L1,,,ENSG00000107593,,,rs603424-A,rs603424,0,603424.0,intron_variant,0.0,NR,1e-10,10.0,,0.0207,[0.014-0.027] unit increase,Affymetrix [9000000] (imputed),N,HbA1c measurement,http://www.ebi.ac.uk/efo/EFO_0004541,GCST90019509,Genome-wide genotyping array,100241204,102491832
893,77872,10,rs603424,120.1276,102075479,G,2018-10-18,30048462,Kim SK,2018-07-26,PLoS One,www.ncbi.nlm.nih.gov/pubmed/30048462,"Identification of 613 new loci associated with heel bone mineral density and a polygenic risk score for bone mineral density, osteoporosis and fracture.",Heel bone mineral density,"394,929 European ancestry individuals",,10q24.31,10,100315722,,PKD2L1,,,ENSG00000107593,,,rs603424-?,rs603424,0,603424.0,intron_variant,0.0,NR,7.000000000000001e-31,30.154901959985743,,0.0309939,[0.026-0.036] unit increase,Affymetrix [20259828] (imputed),N,heel bone mineral density,http://www.ebi.ac.uk/efo/EFO_0009270,GCST006433,Genome-wide genotyping array,100241204,102491832
893,77872,10,rs603424,120.1276,102075479,G,2021-06-29,33462484,Sinnott-Armstrong N,2021-01-18,Nat Genet,www.ncbi.nlm.nih.gov/pubmed/33462484,Genetics of 35 blood and urine biomarkers in the UK Biobank.,Apolipoprotein B levels,"340,860 European ancestry individuals, 5,962 African ancestry individuals, 7,275 South Asian ancestry individuals",,10q24.31,10,100315722,NR,PKD2L1,,,ENSG00000107593,,,rs603424-A,rs603424,0,603424.0,intron_variant,0.0,NR,8e-16,15.096910013008056,,0.0252,[0.019-0.031] unit increase,Affymetrix [9000000] (imputed),N,apolipoprotein B measurement,http://www.ebi.ac.uk/efo/EFO_0004615,GCST90019496,Genome-wide genotyping array,100241204,102491832
893,77872,10,rs603424,120.1276,102075479,G,2022-07-05,35668104,Cadby G,2022-06-06,Nat Commun,www.ncbi.nlm.nih.gov/pubmed/35668104,Comprehensive genetic analysis of the human lipidome identifies loci associated with lipid homeostasis with links to coronary artery disease.,Alkenylphosphatidylcholine (P-16:0/16:1) levels,"4,492 European ancestry individuals",,10q24.31,10,100315722,,PKD2L1,,,ENSG00000107593,,,rs603424-A,rs603424,0,603424.0,intron_variant,0.0,NR,3e-18,17.522878745280337,,0.253,[0.2-0.31] unit decrease,Illumina [13869437] (imputed),N,phosphatidylcholine measurement,http://www.ebi.ac.uk/efo/EFO_0010226,GCST90024325,Genome-wide genotyping array,100241204,102491832
893,77872,10,rs603424,120.1276,102075479,G,2022-07-05,35668104,Cadby G,2022-06-06,Nat Commun,www.ncbi.nlm.nih.gov/pubmed/35668104,Comprehensive genetic analysis of the human lipidome identifies loci associated with lipid homeostasis with links to coronary artery disease.,Alkenylphosphatidylcholine (P-16:0/18:0) levels,"4,492 European ancestry individuals",,10q24.31,10,100315722,,PKD2L1,,,ENSG00000107593,,,rs603424-A,rs603424,0,603424.0,intron_variant,0.0,NR,9e-09,8.045757490560675,,0.167,[0.11-0.22] unit increase,Illumina [13869437] (imputed),N,phosphatidylcholine measurement,http://www.ebi.ac.uk/efo/EFO_0010226,GCST90024326,Genome-wide genotyping array,100241204,102491832
893,77872,10,rs603424,120.1276,102075479,G,2022-07-05,35668104,Cadby G,2022-06-06,Nat Commun,www.ncbi.nlm.nih.gov/pubmed/35668104,Comprehensive genetic analysis of the human lipidome identifies loci associated with lipid homeostasis with links to coronary artery disease.,Alkenylphosphatidylcholine (P-38:5) (a) levels,"4,492 European ancestry individuals",,10q24.31,10,100315722,,PKD2L1,,,ENSG00000107593,,,rs603424-A,rs603424,0,603424.0,intron_variant,0.0,NR,6e-09,8.221848749616356,,0.17,[0.11-0.23] unit decrease,Illumina [13869437] (imputed),N,phosphatidylcholine measurement,http://www.ebi.ac.uk/efo/EFO_0010226,GCST90024343,Genome-wide genotyping array,100241204,102491832
893,77872,10,rs603424,120.1276,102075479,G,2022-07-05,35668104,Cadby G,2022-06-06,Nat Commun,www.ncbi.nlm.nih.gov/pubmed/35668104,Comprehensive genetic analysis of the human lipidome identifies loci associated with lipid homeostasis with links to coronary artery disease.,Acylcarnitine (16:1) levels,"4,492 European ancestry individuals",,10q24.31,10,100315722,,PKD2L1,,,ENSG00000107593,,,rs603424-A,rs603424,0,603424.0,intron_variant,0.0,NR,1e-19,19.0,,0.263,[0.21-0.32] unit decrease,Illumina [13869437] (imputed),N,acylcarnitine measurement,http://www.ebi.ac.uk/efo/EFO_0005059,GCST90023989,Genome-wide genotyping array,100241204,102491832
893,77872,10,rs603424,120.1276,102075479,G,2022-05-10,33414548,Lotta LA,2021-01-07,Nat Genet,www.ncbi.nlm.nih.gov/pubmed/33414548,A cross-platform approach identifies genetic regulators of human metabolism and health.,lysoPhosphatidylcholine acyl C16:1 levels,"16,836 Caucasian ancestry individuals",,10q24.31,10,100315722,,PKD2L1,,,ENSG00000107593,,,rs603424-G,rs603424,0,603424.0,intron_variant,0.0,0.8205,5e-36,35.30102999566398,,12.534,(zscore) increase,"Affymetrix, Illumina [5791495] (imputed)",N,lysophosphatidylcholine measurement,http://www.ebi.ac.uk/efo/EFO_0010224,GCST90010776,Genome-wide genotyping array,100241204,102491832
893,77872,10,rs603424,120.1276,102075479,G,2022-07-05,35668104,Cadby G,2022-06-06,Nat Commun,www.ncbi.nlm.nih.gov/pubmed/35668104,Comprehensive genetic analysis of the human lipidome identifies loci associated with lipid homeostasis with links to coronary artery disease.,Cholesteryl ester (16:1) levels,"4,492 European ancestry individuals",,10q24.31,10,100315722,,PKD2L1,,,ENSG00000107593,,,rs603424-A,rs603424,0,603424.0,intron_variant,0.0,NR,2e-13,12.69897000433602,,0.211,[0.15-0.27] unit decrease,Illumina [13869437] (imputed),N,cholesteryl ester 16:1 measurement,http://www.ebi.ac.uk/efo/EFO_0010342,GCST90023998,Genome-wide genotyping array,100241204,102491832
893,77872,10,rs603424,120.1276,102075479,G,2022-05-10,33414548,Lotta LA,2021-01-07,Nat Genet,www.ncbi.nlm.nih.gov/pubmed/33414548,A cross-platform approach identifies genetic regulators of human metabolism and health.,Octadecanoylcarnitine levels,"30,138 Caucasian ancestry individuals",,10q24.31,10,100315722,,PKD2L1,,,ENSG00000107593,,,rs603424-A,rs603424,0,603424.0,intron_variant,0.0,0.1821,3e-16,15.522878745280336,,8.178,(zscore) increase,"Affymetrix, Illumina [6039747] (imputed)",N,carnitine measurement,http://www.ebi.ac.uk/efo/EFO_0010469,GCST90010772,Genome-wide genotyping array,100241204,102491832
893,77872,10,rs603424,120.1276,102075479,G,2022-07-05,35668104,Cadby G,2022-06-06,Nat Commun,www.ncbi.nlm.nih.gov/pubmed/35668104,Comprehensive genetic analysis of the human lipidome identifies loci associated with lipid homeostasis with links to coronary artery disease.,Lysophosphatidylcholine (16:1) [sn1] levels,"4,492 European ancestry individuals",,10q24.31,10,100315722,,PKD2L1,,,ENSG00000107593,,,rs603424-A,rs603424,0,603424.0,intron_variant,0.0,NR,3e-26,25.522878745280337,,0.306,[0.25-0.36] unit decrease,Illumina [13869437] (imputed),N,lysophosphatidylcholine 16:1 measurement,http://www.ebi.ac.uk/efo/EFO_0010358,GCST90024143,Genome-wide genotyping array,100241204,102491832
893,77872,10,rs603424,120.1276,102075479,G,2022-07-05,35668104,Cadby G,2022-06-06,Nat Commun,www.ncbi.nlm.nih.gov/pubmed/35668104,Comprehensive genetic analysis of the human lipidome identifies loci associated with lipid homeostasis with links to coronary artery disease.,Lysophosphatidylcholine (16:1) [sn2] levels,"4,492 European ancestry individuals",,10q24.31,10,100315722,,PKD2L1,,,ENSG00000107593,,,rs603424-A,rs603424,0,603424.0,intron_variant,0.0,NR,2e-31,30.69897000433602,,0.334,[0.28-0.39] unit decrease,Illumina [13869437] (imputed),N,lysophosphatidylcholine 16:1 measurement,http://www.ebi.ac.uk/efo/EFO_0010358,GCST90024144,Genome-wide genotyping array,100241204,102491832
893,77872,10,rs603424,120.1276,102075479,G,2022-07-05,35668104,Cadby G,2022-06-06,Nat Commun,www.ncbi.nlm.nih.gov/pubmed/35668104,Comprehensive genetic analysis of the human lipidome identifies loci associated with lipid homeostasis with links to coronary artery disease.,Lysophosphatidylcholine (17:1) (a) [sn1] [104_sn1] levels,"4,492 European ancestry individuals",,10q24.31,10,100315722,,PKD2L1,,,ENSG00000107593,,,rs603424-A,rs603424,0,603424.0,intron_variant,0.0,NR,2e-11,10.69897000433602,,0.195,[0.14-0.25] unit decrease,Illumina [13869437] (imputed),N,lysophosphatidylcholine 17:1 measurement,http://www.ebi.ac.uk/efo/EFO_0021453,GCST90024146,Genome-wide genotyping array,100241204,102491832
893,77872,10,rs603424,120.1276,102075479,G,2022-07-05,35668104,Cadby G,2022-06-06,Nat Commun,www.ncbi.nlm.nih.gov/pubmed/35668104,Comprehensive genetic analysis of the human lipidome identifies loci associated with lipid homeostasis with links to coronary artery disease.,Lysophosphatidylcholine (17:1) [sn1] (a) levels/ Lysophosphatidylcholine (17:1) [sn2] (b) levels,"4,492 European ancestry individuals",,10q24.31,10,100315722,,PKD2L1,,,ENSG00000107593,,,rs603424-A,rs603424,0,603424.0,intron_variant,0.0,NR,1e-10,10.0,,0.187,[0.13-0.24] unit decrease,Illumina [13869437] (imputed),N,lysophosphatidylcholine 17:1 measurement,http://www.ebi.ac.uk/efo/EFO_0021453,GCST90024147,Genome-wide genotyping array,100241204,102491832
893,77872,10,rs603424,120.1276,102075479,G,2022-07-05,35668104,Cadby G,2022-06-06,Nat Commun,www.ncbi.nlm.nih.gov/pubmed/35668104,Comprehensive genetic analysis of the human lipidome identifies loci associated with lipid homeostasis with links to coronary artery disease.,Dihexosylceramide (d18:1/18:0) levels,"4,492 European ancestry individuals",,10q24.31,10,100315722,,PKD2L1,,,ENSG00000107593,,,rs603424-A,rs603424,0,603424.0,intron_variant,0.0,NR,2e-09,8.698970004336019,,0.173,[0.12-0.23] unit increase,Illumina [13869437] (imputed),N,ceramide measurement,http://www.ebi.ac.uk/efo/EFO_0010222,GCST90024107,Genome-wide genotyping array,100241204,102491832
893,77872,10,rs603424,120.1276,102075479,G,2022-07-05,35668104,Cadby G,2022-06-06,Nat Commun,www.ncbi.nlm.nih.gov/pubmed/35668104,Comprehensive genetic analysis of the human lipidome identifies loci associated with lipid homeostasis with links to coronary artery disease.,Diacylglycerol (16:1_18:1) levels,"4,492 European ancestry individuals",,10q24.31,10,100315722,,PKD2L1,,,ENSG00000107593,,,rs603424-A,rs603424,0,603424.0,intron_variant,0.0,NR,5e-09,8.301029995663981,,0.168,[0.11-0.22] unit decrease,Illumina [13869437] (imputed),N,diglyceride measurement,http://www.ebi.ac.uk/efo/EFO_0010223,GCST90024085,Genome-wide genotyping array,100241204,102491832
893,77872,10,rs603424,120.1276,102075479,G,2022-07-05,35668104,Cadby G,2022-06-06,Nat Commun,www.ncbi.nlm.nih.gov/pubmed/35668104,Comprehensive genetic analysis of the human lipidome identifies loci associated with lipid homeostasis with links to coronary artery disease.,Phosphatidylcholine (16:1_20:4) levels,"4,492 European ancestry individuals",,10q24.31,10,100315722,,PKD2L1,,,ENSG00000107593,,,rs603424-A,rs603424,0,603424.0,intron_variant,0.0,NR,9e-12,11.045757490560677,,0.198,[0.14-0.25] unit decrease,Illumina [13869437] (imputed),N,phosphatidylcholine measurement,http://www.ebi.ac.uk/efo/EFO_0010226,GCST90024254,Genome-wide genotyping array,100241204,102491832
893,77872,10,rs603424,120.1276,102075479,G,2022-07-05,35668104,Cadby G,2022-06-06,Nat Commun,www.ncbi.nlm.nih.gov/pubmed/35668104,Comprehensive genetic analysis of the human lipidome identifies loci associated with lipid homeostasis with links to coronary artery disease.,Phosphatidylcholine (16:1_22:6) levels,"4,492 European ancestry individuals",,10q24.31,10,100315722,,PKD2L1,,,ENSG00000107593,,,rs603424-A,rs603424,0,603424.0,intron_variant,0.0,NR,4e-12,11.397940008672036,,0.2,[0.14-0.26] unit decrease,Illumina [13869437] (imputed),N,phosphatidylcholine measurement,http://www.ebi.ac.uk/efo/EFO_0010226,GCST90024255,Genome-wide genotyping array,100241204,102491832
893,77872,10,rs603424,120.1276,102075479,G,2022-07-05,35668104,Cadby G,2022-06-06,Nat Commun,www.ncbi.nlm.nih.gov/pubmed/35668104,Comprehensive genetic analysis of the human lipidome identifies loci associated with lipid homeostasis with links to coronary artery disease.,Lysophosphatidylcholine (16:1) [sn1] levels,"4,492 European ancestry individuals","1,565 European ancestry individuals",10q24.31,10,100315722,,PKD2L1,,,ENSG00000107593,,,rs603424-A,rs603424,0,603424.0,intron_variant,0.0,NR,7e-20,19.154901959985743,,0.265,[0.21-0.32] unit decrease,Illumina [13869437] (imputed),N,lysophosphatidylcholine 16:1 measurement,http://www.ebi.ac.uk/efo/EFO_0010358,GCST90025382,Genome-wide genotyping array,100241204,102491832
893,77872,10,rs603424,120.1276,102075479,G,2022-07-05,35668104,Cadby G,2022-06-06,Nat Commun,www.ncbi.nlm.nih.gov/pubmed/35668104,Comprehensive genetic analysis of the human lipidome identifies loci associated with lipid homeostasis with links to coronary artery disease.,Lysophosphatidylcholine (16:1) [sn2] levels,"4,492 European ancestry individuals","1,565 European ancestry individuals",10q24.31,10,100315722,,PKD2L1,,,ENSG00000107593,,,rs603424-A,rs603424,0,603424.0,intron_variant,0.0,NR,1.0000000000000001e-23,23.0,,0.29,[0.23-0.35] unit decrease,Illumina [13869437] (imputed),N,lysophosphatidylcholine 16:1 measurement,http://www.ebi.ac.uk/efo/EFO_0010358,GCST90025383,Genome-wide genotyping array,100241204,102491832
893,77872,10,rs603424,120.1276,102075479,G,2022-07-05,35668104,Cadby G,2022-06-06,Nat Commun,www.ncbi.nlm.nih.gov/pubmed/35668104,Comprehensive genetic analysis of the human lipidome identifies loci associated with lipid homeostasis with links to coronary artery disease.,Triacylglycerol (50:2) [NL-18:2] levels,"4,492 European ancestry individuals",,10q24.31,10,100315722,,PKD2L1,,,ENSG00000107593,,,rs603424-A,rs603424,0,603424.0,intron_variant,0.0,NR,1e-13,13.0,,0.214,[0.16-0.27] unit increase,Illumina [13869437] (imputed),N,triacylglycerol 50:2 measurement,http://www.ebi.ac.uk/efo/EFO_0010409,GCST90024545,Genome-wide genotyping array,100241204,102491832
893,77872,10,rs603424,120.1276,102075479,G,2022-07-05,35668104,Cadby G,2022-06-06,Nat Commun,www.ncbi.nlm.nih.gov/pubmed/35668104,Comprehensive genetic analysis of the human lipidome identifies loci associated with lipid homeostasis with links to coronary artery disease.,Triacylglycerol (50:3) [NL-16:1] levels,"4,492 European ancestry individuals",,10q24.31,10,100315722,,PKD2L1,,,ENSG00000107593,,,rs603424-A,rs603424,0,603424.0,intron_variant,0.0,NR,6e-11,10.221848749616356,,0.189,[0.13-0.25] unit decrease,Illumina [13869437] (imputed),N,triacylglycerol 50:3 measurement,http://www.ebi.ac.uk/efo/EFO_0010410,GCST90024547,Genome-wide genotyping array,100241204,102491832
893,77872,10,rs603424,120.1276,102075479,G,2022-07-05,35668104,Cadby G,2022-06-06,Nat Commun,www.ncbi.nlm.nih.gov/pubmed/35668104,Comprehensive genetic analysis of the human lipidome identifies loci associated with lipid homeostasis with links to coronary artery disease.,Triacylglycerol (51:1) [NL-18:1] levels,"4,492 European ancestry individuals",,10q24.31,10,100315722,,PKD2L1,,,ENSG00000107593,,,rs603424-A,rs603424,0,603424.0,intron_variant,0.0,NR,8e-09,8.096910013008056,,0.167,[0.11-0.22] unit increase,Illumina [13869437] (imputed),N,triacylglycerol 51:1 measurement,http://www.ebi.ac.uk/efo/EFO_0021482,GCST90024551,Genome-wide genotyping array,100241204,102491832
893,77872,10,rs603424,120.1276,102075479,G,2022-07-05,35668104,Cadby G,2022-06-06,Nat Commun,www.ncbi.nlm.nih.gov/pubmed/35668104,Comprehensive genetic analysis of the human lipidome identifies loci associated with lipid homeostasis with links to coronary artery disease.,Triacylglycerol (52:3) [NL-16:1] levels,"4,492 European ancestry individuals",,10q24.31,10,100315722,,PKD2L1,,,ENSG00000107593,,,rs603424-A,rs603424,0,603424.0,intron_variant,0.0,NR,4e-10,9.397940008672036,,0.178,[0.12-0.23] unit decrease,Illumina [13869437] (imputed),N,triacylglycerol 52:3 measurement,http://www.ebi.ac.uk/efo/EFO_0010415,GCST90024557,Genome-wide genotyping array,100241204,102491832
893,77872,10,rs603424,120.1276,102075479,G,2021-08-24,34021172,Christakoudi S,2021-05-21,Sci Rep,www.ncbi.nlm.nih.gov/pubmed/34021172,"GWAS of allometric body-shape indices in UK Biobank identifies loci suggesting associations with morphogenesis, organogenesis, adrenal cell renewal and cancer.",A body shape index,"219,872 British ancestry women",,10q24.31,10,100315722,PKD2L1,PKD2L1,,,ENSG00000107593,,,rs603424-A,rs603424,0,603424.0,intron_variant,0.0,NR,4e-08,7.397940008672037,,0.0209004,[0.013-0.028] unit decrease,Affymetrix [321169] (imputed),N,BMI-adjusted waist circumference,http://www.ebi.ac.uk/efo/EFO_0007789,GCST90020024,Genome-wide genotyping array,100241204,102491832
893,77872,10,rs603424,120.1276,102075479,G,2022-07-05,35668104,Cadby G,2022-06-06,Nat Commun,www.ncbi.nlm.nih.gov/pubmed/35668104,Comprehensive genetic analysis of the human lipidome identifies loci associated with lipid homeostasis with links to coronary artery disease.,Phosphatidylcholine (16:1_18:2) levels,"4,492 European ancestry individuals",,10q24.31,10,100315722,,PKD2L1,,,ENSG00000107593,,,rs603424-A,rs603424,0,603424.0,intron_variant,0.0,NR,9e-19,18.045757490560675,,0.255,[0.2-0.31] unit decrease,Illumina [13869437] (imputed),N,phosphatidylcholine measurement,http://www.ebi.ac.uk/efo/EFO_0010226,GCST90024253,Genome-wide genotyping array,100241204,102491832
893,77872,10,rs603424,120.1276,102075479,G,2022-07-05,35668104,Cadby G,2022-06-06,Nat Commun,www.ncbi.nlm.nih.gov/pubmed/35668104,Comprehensive genetic analysis of the human lipidome identifies loci associated with lipid homeostasis with links to coronary artery disease.,Triacylglycerol (48:3) [NL-16:1] levels,"4,492 European ancestry individuals",,10q24.31,10,100315722,,PKD2L1,,,ENSG00000107593,,,rs603424-A,rs603424,0,603424.0,intron_variant,0.0,NR,4e-12,11.397940008672036,,0.2,[0.14-0.26] unit decrease,Illumina [13869437] (imputed),N,triacylglycerol 48:3 measurement,http://www.ebi.ac.uk/efo/EFO_0010406,GCST90024535,Genome-wide genotyping array,100241204,102491832
893,77872,10,rs603424,120.1276,102075479,G,2022-07-05,35668104,Cadby G,2022-06-06,Nat Commun,www.ncbi.nlm.nih.gov/pubmed/35668104,Comprehensive genetic analysis of the human lipidome identifies loci associated with lipid homeostasis with links to coronary artery disease.,Triacylglycerol (50:1) [NL-18:1] levels,"4,492 European ancestry individuals",,10q24.31,10,100315722,,PKD2L1,,,ENSG00000107593,,,rs603424-A,rs603424,0,603424.0,intron_variant,0.0,NR,8e-09,8.096910013008056,,0.166,[0.11-0.22] unit increase,Illumina [13869437] (imputed),N,triacylglycerol 50:1 measurement,http://www.ebi.ac.uk/efo/EFO_0010408,GCST90024542,Genome-wide genotyping array,100241204,102491832
893,77872,10,rs603424,120.1276,102075479,G,2022-07-05,35668104,Cadby G,2022-06-06,Nat Commun,www.ncbi.nlm.nih.gov/pubmed/35668104,Comprehensive genetic analysis of the human lipidome identifies loci associated with lipid homeostasis with links to coronary artery disease.,Phosphatidylcholine (16:1_18:2) levels,"4,492 European ancestry individuals","1,565 European ancestry individuals",10q24.31,10,100315722,,PKD2L1,,,ENSG00000107593,,,rs603424-A,rs603424,0,603424.0,intron_variant,0.0,NR,3e-13,12.522878745280336,,0.212,[0.16-0.27] unit decrease,Illumina [13869437] (imputed),N,phosphatidylcholine measurement,http://www.ebi.ac.uk/efo/EFO_0010226,GCST90025492,Genome-wide genotyping array,100241204,102491832
893,77872,10,rs603424,120.1276,102075479,G,2021-06-09,33972514,Pazoki R,2021-05-10,Nat Commun,www.ncbi.nlm.nih.gov/pubmed/33972514,Genetic analysis in European ancestry individuals identifies 517 loci associated with liver enzymes.,Liver enzyme levels (alkaline phosphatase),"437,438 European ancestry individuals","315,572 European ancestry individuals",10q24.31,10,100315722,PKD2L1,PKD2L1,,,ENSG00000107593,,,rs603424-G,rs603424,0,603424.0,intron_variant,0.0,0.828063,4e-35,34.39794000867204,,0.00366613,[0.0031-0.0043] unit increase,Affymetrix [13995440] (imputed),N,alkaline phosphatase measurement,http://www.ebi.ac.uk/efo/EFO_0004533,GCST90013406,Genome-wide genotyping array,100241204,102491832
893,77872,10,rs603424,120.1276,102075479,G,2022-02-17,34503513,Harshfield EL,2021-09-10,BMC Med,www.ncbi.nlm.nih.gov/pubmed/34503513,Genome-wide analysis of blood lipid metabolites in over 5000 South Asians reveals biological insights at cardiometabolic disease loci.,Fatty acid(16:1)_[M-H]1- levels,"5,662 Pakistani ancestry individuals",,10q24.31,10,100315722,,PKD2L1,,,ENSG00000107593,,,rs603424-C,rs603424,0,603424.0,intron_variant,0.0,NR,5e-11,10.30102999566398,,0.0921,[0.065-0.12] unit decrease,Illumina [6720657] (imputed),N,fatty acid measurement,http://www.ebi.ac.uk/efo/EFO_0005110,GCST90060571,Genome-wide genotyping array,100241204,102491832
893,77872,10,rs603424,120.1276,102075479,G,2022-02-17,34503513,Harshfield EL,2021-09-10,BMC Med,www.ncbi.nlm.nih.gov/pubmed/34503513,Genome-wide analysis of blood lipid metabolites in over 5000 South Asians reveals biological insights at cardiometabolic disease loci.,Lysophosphatidylcholine_16:1_[M+H]1+/Lysophosphatidylethanolamine_19:1_[M+H]1+ levels,"13,814 British ancestry individuals",,10q24.31,10,100315722,,PKD2L1,,,ENSG00000107593,,,rs603424-A,rs603424,0,603424.0,intron_variant,0.0,NR,9.999999999999999e-43,42.0,,0.195029,[0.17-0.22] unit decrease,Affymetrix [87696910] (imputed),N,lysophosphatidylcholine measurement,http://www.ebi.ac.uk/efo/EFO_0010224,GCST90060148,Genome-wide genotyping array,100241204,102491832
893,77872,10,rs603424,120.1276,102075479,G,2020-09-18,32888494,Vuckovic D,2020-09-01,Cell,www.ncbi.nlm.nih.gov/pubmed/32888494,The Polygenic and Monogenic Basis of Blood Traits and Diseases.,Red cell distribution width,"408,112 British individuals",,10q24.31,10,100315722,PKD2L1,PKD2L1,,,ENSG00000107593,,,rs603424-A,rs603424,0,603424.0,intron_variant,0.0,0.171407,3e-16,15.522878745280336,,0.024034925,[0.018-0.03] unit increase,Affymetrix [93095623] (imputed),N,red blood cell distribution width,http://www.ebi.ac.uk/efo/EFO_0005192,GCST90002404,Genome-wide genotyping array,100241204,102491832
893,77872,10,rs603424,120.1276,102075479,G,2022-02-17,34503513,Harshfield EL,2021-09-10,BMC Med,www.ncbi.nlm.nih.gov/pubmed/34503513,Genome-wide analysis of blood lipid metabolites in over 5000 South Asians reveals biological insights at cardiometabolic disease loci.,Cholesteryl ester_16:1_[M+NH4]1+ levels,"13,814 British ancestry individuals",,10q24.31,10,100315722,,PKD2L1,,,ENSG00000107593,,,rs603424-A,rs603424,0,603424.0,intron_variant,0.0,NR,2e-16,15.69897000433602,,0.110613,[0.084-0.137] unit decrease,Affymetrix [87696910] (imputed),N,cholesteryl ester 16:1 measurement,http://www.ebi.ac.uk/efo/EFO_0010342,GCST90060210,Genome-wide genotyping array,100241204,102491832
893,77872,10,rs603424,120.1276,102075479,G,2022-02-17,34503513,Harshfield EL,2021-09-10,BMC Med,www.ncbi.nlm.nih.gov/pubmed/34503513,Genome-wide analysis of blood lipid metabolites in over 5000 South Asians reveals biological insights at cardiometabolic disease loci.,Lysophosphatidylcholine(16:1)_[M+H]1+/Lysophosphatidylethanolamine(19:1)_[M+H]1+ levels,"5,662 Pakistani ancestry individuals",,10q24.31,10,100315722,,PKD2L1,,,ENSG00000107593,,,rs603424-A,rs603424,0,603424.0,intron_variant,0.0,NR,4e-11,10.397940008672036,,0.0767,[0.054-0.099] unit decrease,Illumina [6720657] (imputed),N,lysophosphatidylcholine measurement,http://www.ebi.ac.uk/efo/EFO_0010224,GCST90060593,Genome-wide genotyping array,100241204,102491832
893,77872,10,rs603424,120.1276,102075479,G,2021-06-29,33462484,Sinnott-Armstrong N,2021-01-18,Nat Genet,www.ncbi.nlm.nih.gov/pubmed/33462484,Genetics of 35 blood and urine biomarkers in the UK Biobank.,Serum alkaline phosphatase levels,"342,535 European ancestry individuals, 6,019 African ancestry individuals, 7,337 South Asian ancestry individuals",,10q24.31,10,100315722,NR,PKD2L1,,,ENSG00000107593,,,rs603424-A,rs603424,0,603424.0,intron_variant,0.0,NR,1.0000000000000001e-23,23.0,,0.0314,[0.025-0.037] unit decrease,Affymetrix [9000000] (imputed),N,alkaline phosphatase measurement,http://www.ebi.ac.uk/efo/EFO_0004533,GCST90019494,Genome-wide genotyping array,100241204,102491832
893,77872,10,rs603424,120.1276,102075479,G,2022-11-17,35995766,Tahir UA,2022-08-22,Nat Commun,www.ncbi.nlm.nih.gov/pubmed/35995766,Whole Genome Association Study of the Plasma Metabolome Identifies Metabolites Linked to Cardiometabolic Disease in Black Individuals.,Metabolite peak levels (QI6762),"2,466 Black/admixed ancestry individuals","up to 1,653 European, Hispanic, Asian or Black individuals",10q24.31,10,100315722,,PKD2L1,,,ENSG00000107593,,,rs603424-A,rs603424,0,603424.0,intron_variant,0.0,NR,5e-11,10.30102999566398,(African American or Afro-Caribbean),0.201384,[0.14-0.26] unit decrease,Illumina [159117],N,metabolite measurement,http://www.ebi.ac.uk/efo/EFO_0004725,GCST90178212,Genome-wide sequencing,100241204,102491832
893,77872,10,rs603424,120.1276,102075479,G,2022-11-14,35347128,Yin X,2022-03-28,Nat Commun,www.ncbi.nlm.nih.gov/pubmed/35347128,Genome-wide association studies of metabolites in Finnish men identify disease-relevant loci.,Palmitoleate (16:1n7) levels,"6,136 Finnish ancestry individuals",,10q24.31,10,100315722,,PKD2L1,,,ENSG00000107593,,,rs603424-A,rs603424,0,603424.0,intron_variant,0.0,NR,1e-13,13.0,,0.21,unit decrease,NR [16000000] (imputed),N,palmitoleate 16:1n7 measurement,http://www.ebi.ac.uk/efo/EFO_0021072,GCST90140223,"Genome-wide genotyping array, Genome-wide sequencing, Exome-wide sequencing",100241204,102491832
893,77872,10,rs603424,120.1276,102075479,G,2019-02-08,30595370,Kichaev G,2018-12-27,Am J Hum Genet,www.ncbi.nlm.nih.gov/pubmed/30595370,Leveraging Polygenic Functional Enrichment to Improve GWAS Power.,Red cell distribution width,"approximately 445,000 European ancestry individuals",,10q24.31,10,100315722,,PKD2L1,,,ENSG00000107593,,,rs603424-?,rs603424,0,603424.0,intron_variant,0.0,NR,1e-18,18.0,,,,NR [~ 8900000] (imputed),N,red blood cell distribution width,http://www.ebi.ac.uk/efo/EFO_0005192,GCST007074,Genome-wide genotyping array,100241204,102491832
893,77872,10,rs603424,120.1276,102075479,G,2022-11-14,35347128,Yin X,2022-03-28,Nat Commun,www.ncbi.nlm.nih.gov/pubmed/35347128,Genome-wide association studies of metabolites in Finnish men identify disease-relevant loci.,5-dodecenoylcarnitine (C12:1) levels,"6,136 Finnish ancestry individuals",,10q24.31,10,100315722,,PKD2L1,,,ENSG00000107593,,,rs603424-A,rs603424,0,603424.0,intron_variant,0.0,NR,3e-12,11.522878745280336,,0.2,unit decrease,NR [16000000] (imputed),N,5-dodecenoylcarnitine (C12:1) measurement,http://www.ebi.ac.uk/efo/EFO_0800555,GCST90140129,"Genome-wide genotyping array, Genome-wide sequencing, Exome-wide sequencing",100241204,102491832
893,77872,10,rs603424,120.1276,102075479,G,2022-11-14,35347128,Yin X,2022-03-28,Nat Commun,www.ncbi.nlm.nih.gov/pubmed/35347128,Genome-wide association studies of metabolites in Finnish men identify disease-relevant loci.,1-(1-enyl-palmitoyl)-2-palmitoleoyl-GPC (P-16:0/16:1) levels,"6,136 Finnish ancestry individuals",,10q24.31,10,100315722,,PKD2L1,,,ENSG00000107593,,,rs603424-A,rs603424,0,603424.0,intron_variant,0.0,NR,3e-14,13.522878745280336,,0.22,unit decrease,NR [16000000] (imputed),N,1-(1-enyl-palmitoyl)-2-palmitoleoyl-GPC (P-16:0/16:1) measurement,http://www.ebi.ac.uk/efo/EFO_0800464,GCST90140025,"Genome-wide genotyping array, Genome-wide sequencing, Exome-wide sequencing",100241204,102491832
893,77872,10,rs603424,120.1276,102075479,G,2022-11-14,35347128,Yin X,2022-03-28,Nat Commun,www.ncbi.nlm.nih.gov/pubmed/35347128,Genome-wide association studies of metabolites in Finnish men identify disease-relevant loci.,1-palmitoleoyl-GPC (16:1) levels,"6,136 Finnish ancestry individuals",,10q24.31,10,100315722,,PKD2L1,,,ENSG00000107593,,,rs603424-A,rs603424,0,603424.0,intron_variant,0.0,NR,4e-14,13.397940008672036,,0.22,unit decrease,NR [16000000] (imputed),N,1-palmitoleoyl-GPC (16:1) measurement,http://www.ebi.ac.uk/efo/EFO_0800231,GCST90139762,"Genome-wide genotyping array, Genome-wide sequencing, Exome-wide sequencing",100241204,102491832
893,77872,10,rs603424,120.1276,102075479,G,2022-11-17,35995766,Tahir UA,2022-08-22,Nat Commun,www.ncbi.nlm.nih.gov/pubmed/35995766,Whole Genome Association Study of the Plasma Metabolome Identifies Metabolites Linked to Cardiometabolic Disease in Black Individuals.,Stearic acid levels,"2,466 Black/admixed ancestry individuals","up to 1,653 European, Hispanic, Asian or Black individuals",10q24.31,10,100315722,,PKD2L1,,,ENSG00000107593,,,rs603424-A,rs603424,0,603424.0,intron_variant,0.0,NR,4e-18,17.397940008672037,,0.332776,[0.26-0.41] unit increase,Illumina [157359],N,stearic acid measurement,http://www.ebi.ac.uk/efo/EFO_0801220,GCST90176104,Genome-wide sequencing,100241204,102491832
893,77872,10,rs603424,120.1276,102075479,G,2021-06-29,33462484,Sinnott-Armstrong N,2021-01-18,Nat Genet,www.ncbi.nlm.nih.gov/pubmed/33462484,Genetics of 35 blood and urine biomarkers in the UK Biobank.,Total cholesterol levels,"342,508 European ancestry individuals, 6,014 African ancestry individuals, 7,336 South Asian ancestry individuals",,10q24.31,10,100315722,NR,PKD2L1,,,ENSG00000107593,,,rs603424-A,rs603424,0,603424.0,intron_variant,0.0,NR,1e-12,12.0,,0.0223,[0.016-0.028] unit increase,Affymetrix [9000000] (imputed),N,total cholesterol measurement,http://www.ebi.ac.uk/efo/EFO_0004574,GCST90019501,Genome-wide genotyping array,100241204,102491832
893,77872,10,rs603424,120.1276,102075479,G,2022-11-17,34887591,Graham SE,2021-12-09,Nature,www.ncbi.nlm.nih.gov/pubmed/34887591,The power of genetic diversity in genome-wide association studies of lipids.,Low density lipoprotein cholesterol levels,"1,320,016 European ancestry individuals",,10q24.31,10,100315722,,PKD2L1,,,ENSG00000107593,,,rs603424-A,rs603424,0,603424.0,intron_variant,0.0,0.168919,3e-13,12.522878745280336,,0.0158621,[0.012-0.02] unit increase,NR [52000000] (imputed),N,low density lipoprotein cholesterol measurement,http://www.ebi.ac.uk/efo/EFO_0004611,GCST90239658,Genome-wide genotyping array,100241204,102491832
893,77872,10,rs603424,120.1276,102075479,G,2022-11-14,35347128,Yin X,2022-03-28,Nat Commun,www.ncbi.nlm.nih.gov/pubmed/35347128,Genome-wide association studies of metabolites in Finnish men identify disease-relevant loci.,Myristoleate (14:1n5) levels,"6,136 Finnish ancestry individuals",,10q24.31,10,100315722,,PKD2L1,,,ENSG00000107593,,,rs603424-A,rs603424,0,603424.0,intron_variant,0.0,NR,2e-16,15.69897000433602,,0.24,unit decrease,NR [16000000] (imputed),N,myristoleate 14:1n5 measurement,http://www.ebi.ac.uk/efo/EFO_0021068,GCST90139730,"Genome-wide genotyping array, Genome-wide sequencing, Exome-wide sequencing",100241204,102491832
893,77872,10,rs603424,120.1276,102075479,G,2022-11-14,35347128,Yin X,2022-03-28,Nat Commun,www.ncbi.nlm.nih.gov/pubmed/35347128,Genome-wide association studies of metabolites in Finnish men identify disease-relevant loci.,5-dodecenoate (12:1n7) levels,"6,136 Finnish ancestry individuals",,10q24.31,10,100315722,,PKD2L1,,,ENSG00000107593,,,rs603424-A,rs603424,0,603424.0,intron_variant,0.0,NR,2e-17,16.69897000433602,,0.24,unit decrease,NR [16000000] (imputed),N,5-dodecenoate 12:1n7 measurement,http://www.ebi.ac.uk/efo/EFO_0021100,GCST90139733,"Genome-wide genotyping array, Genome-wide sequencing, Exome-wide sequencing",100241204,102491832
893,77872,10,rs603424,120.1276,102075479,G,2022-11-17,36329257,Lee CJ,2022-11-03,Commun Biol,www.ncbi.nlm.nih.gov/pubmed/36329257,Phenome-wide analysis of Taiwan Biobank reveals novel glycemia-related loci and genetic risks for diabetes.,Bone stiffness index,"75,665 Taiwanese ancestry individuals",,10q24.31,10,100315722,,PKD2L1,,,ENSG00000107593,,,rs603424-?,rs603424,0,603424.0,intron_variant,0.0,NR,3e-08,7.522878745280337,,0.886264,unit decrease,NR [5925277] (imputed),N,bone density,http://www.ebi.ac.uk/efo/EFO_0003923,GCST90239644,Genome-wide genotyping array,100241204,102491832
893,77872,10,rs603424,120.1276,102075479,G,2022-04-27,35213538,Richardson TG,2022-02-25,PLoS Biol,www.ncbi.nlm.nih.gov/pubmed/35213538,Characterising metabolomic signatures of lipid-modifying therapies through drug target mendelian randomisation.,Average diameter for LDL particles,"115,082 European ancestry individuals",,10q24.31,10,100315722,,PKD2L1,,,ENSG00000107593,,,rs603424-G,rs603424,0,603424.0,intron_variant,0.0,0.826163,3e-13,12.522878745280336,,0.038578,[0.028-0.049] unit increase,NR [11722792] (imputed),N,low density lipoprotein particle size measurement,http://www.ebi.ac.uk/efo/EFO_0008593,GCST90092889,Genome-wide genotyping array,100241204,102491832
893,77872,10,rs603424,120.1276,102075479,G,2022-04-27,35213538,Richardson TG,2022-02-25,PLoS Biol,www.ncbi.nlm.nih.gov/pubmed/35213538,Characterising metabolomic signatures of lipid-modifying therapies through drug target mendelian randomisation.,Ratio of saturated fatty acids to total fatty acids,"115,006 European ancestry individuals",,10q24.31,10,100315722,,PKD2L1,,,ENSG00000107593,,,rs603424-G,rs603424,0,603424.0,intron_variant,0.0,0.82614,2e-21,20.69897000433602,,0.0508101,[0.04-0.061] unit decrease,NR [11722792] (imputed),N,fatty acid measurement,http://www.ebi.ac.uk/efo/EFO_0005110,GCST90092981,Genome-wide genotyping array,100241204,102491832
893,77872,10,rs603424,120.1276,102075479,G,2019-02-08,30595370,Kichaev G,2018-12-27,Am J Hum Genet,www.ncbi.nlm.nih.gov/pubmed/30595370,Leveraging Polygenic Functional Enrichment to Improve GWAS Power.,Systolic blood pressure,"approximately 422,000 European ancestry individuals",,10q24.31,10,100315722,,PKD2L1,,,ENSG00000107593,,,rs603424-?,rs603424,0,603424.0,intron_variant,0.0,NR,2e-12,11.69897000433602,,,,NR [~ 8900000] (imputed),N,systolic blood pressure,http://www.ebi.ac.uk/efo/EFO_0006335,GCST007087,Genome-wide genotyping array,100241204,102491832
893,77872,10,rs603424,120.1276,102075479,G,2022-04-27,35213538,Richardson TG,2022-02-25,PLoS Biol,www.ncbi.nlm.nih.gov/pubmed/35213538,Characterising metabolomic signatures of lipid-modifying therapies through drug target mendelian randomisation.,Phospholipids to total lipids ratio in medium LDL,"115,082 European ancestry individuals",,10q24.31,10,100315722,,PKD2L1,,,ENSG00000107593,,,rs603424-G,rs603424,0,603424.0,intron_variant,0.0,0.826163,2e-08,7.698970004336019,,0.0305648,[0.02-0.041] unit increase,NR [11722792] (imputed),N,"low density lipoprotein cholesterol measurement, phospholipids:total lipids ratio","http://www.ebi.ac.uk/efo/EFO_0004611, http://www.ebi.ac.uk/efo/EFO_0020946",GCST90092913,Genome-wide genotyping array,100241204,102491832
893,77872,10,rs603424,120.1276,102075479,G,2022-04-27,35213538,Richardson TG,2022-02-25,PLoS Biol,www.ncbi.nlm.nih.gov/pubmed/35213538,Characterising metabolomic signatures of lipid-modifying therapies through drug target mendelian randomisation.,Ratio of monounsaturated fatty acids to total fatty acids,"115,006 European ancestry individuals",,10q24.31,10,100315722,,PKD2L1,,,ENSG00000107593,,,rs603424-G,rs603424,0,603424.0,intron_variant,0.0,0.82614,5e-21,20.30102999566398,,0.0489882,[0.039-0.059] unit increase,NR [11722792] (imputed),N,fatty acid measurement,http://www.ebi.ac.uk/efo/EFO_0005110,GCST90092929,Genome-wide genotyping array,100241204,102491832
893,77872,10,rs603424,120.1276,102075479,G,2022-04-27,35213538,Richardson TG,2022-02-25,PLoS Biol,www.ncbi.nlm.nih.gov/pubmed/35213538,Characterising metabolomic signatures of lipid-modifying therapies through drug target mendelian randomisation.,Ratio of polyunsaturated fatty acids to monounsaturated fatty acids,"115,006 European ancestry individuals",,10q24.31,10,100315722,,PKD2L1,,,ENSG00000107593,,,rs603424-G,rs603424,0,603424.0,intron_variant,0.0,0.82614,2e-10,9.69897000433602,,0.0329406,[0.023-0.043] unit decrease,NR [11722792] (imputed),N,fatty acid measurement,http://www.ebi.ac.uk/efo/EFO_0005110,GCST90092940,Genome-wide genotyping array,100241204,102491832
893,77872,10,rs603424,120.1276,102075479,G,2021-12-14,34594039,Sakaue S,2021-09-30,Nat Genet,www.ncbi.nlm.nih.gov/pubmed/34594039,A cross-population atlas of genetic associations for 220 human phenotypes.,Hemoglobin A1c levels,"344,182 European ancestry individuals, 71,221 East Asian ancestry individuals",,10q24.31,10,100315722,,PKD2L1,,,ENSG00000107593,,,rs603424-A,rs603424,0,603424.0,intron_variant,0.0,NR,4e-08,7.397940008672037,,0.0164,[0.011-0.022] unit increase,"Affymetrix, Illumina [20525742] (imputed)",N,hemoglobin A1 measurement,http://www.ebi.ac.uk/efo/EFO_0007629,GCST90018958,Genome-wide genotyping array,100241204,102491832
893,77872,10,rs603424,120.1276,102075479,G,2021-12-14,34594039,Sakaue S,2021-09-30,Nat Genet,www.ncbi.nlm.nih.gov/pubmed/34594039,A cross-population atlas of genetic associations for 220 human phenotypes.,Lymphocyte count,"349,856 European ancestry individuals, 95,717 East Asian ancestry individuals",,10q24.31,10,100315722,,PKD2L1,,,ENSG00000107593,,,rs603424-A,rs603424,0,603424.0,intron_variant,0.0,NR,2e-10,9.69897000433602,,0.0197,[0.014-0.026] unit increase,"Affymetrix, Illumina [20531022] (imputed)",N,lymphocyte count,http://www.ebi.ac.uk/efo/EFO_0004587,GCST90018962,Genome-wide genotyping array,100241204,102491832
907,77886,10,rs569511,120.1569,102089663,C,2020-04-17,31669095,Zhu Z,2019-10-24,J Allergy Clin Immunol,www.ncbi.nlm.nih.gov/pubmed/31669095,Shared Genetic and Experimental Links between Obesity-Related Traits and Asthma Subtypes in UK Biobank.,Waist circumference adjusted for body mass index,"457,690 European ancestry individuals",,10q24.31,10,100329906,NR,PKD2L1,,,ENSG00000107593,,,rs569511-?,rs569511,0,569511.0,splice_region_variant,0.0,NR,3e-08,7.522878745280337,,,,Affymetrix [~ 8270000] (imputed),N,BMI-adjusted waist circumference,http://www.ebi.ac.uk/efo/EFO_0007789,GCST009867,Genome-wide genotyping array,100241204,102491832
907,77886,10,rs569511,120.1569,102089663,C,2021-06-29,33462484,Sinnott-Armstrong N,2021-01-18,Nat Genet,www.ncbi.nlm.nih.gov/pubmed/33462484,Genetics of 35 blood and urine biomarkers in the UK Biobank.,Aspartate aminotransferase to alanine aminotransferase ratio,"341,165 European ancestry individuals, 5,981 African ancestry individuals, 7,309 South Asian ancestry individuals",,10q24.31,10,100329906,NR,PKD2L1,,,ENSG00000107593,,,rs569511-T,rs569511,0,569511.0,splice_region_variant,0.0,NR,2e-09,8.698970004336019,,0.0215,[0.014-0.029] unit decrease,Affymetrix [9000000] (imputed),N,aspartate aminotransferase to alanine aminotransferase ratio,http://www.ebi.ac.uk/efo/EFO_0010934,GCST90019498,Genome-wide genotyping array,100241204,102491832
907,77886,10,rs569511,120.1569,102089663,C,2022-02-17,34503513,Harshfield EL,2021-09-10,BMC Med,www.ncbi.nlm.nih.gov/pubmed/34503513,Genome-wide analysis of blood lipid metabolites in over 5000 South Asians reveals biological insights at cardiometabolic disease loci.,Lysophosphatidylcholine_16:1_[M+H]1+/Lysophosphatidylethanolamine_19:1_[M+H]1+ levels,"13,814 British ancestry individuals",,10q24.31,10,100329906,,PKD2L1,,,ENSG00000107593,,,rs569511-T,rs569511,0,569511.0,splice_region_variant,0.0,NR,9e-12,11.045757490560677,,0.113297,[0.081-0.146] unit decrease,Affymetrix [87696910] (imputed),N,lysophosphatidylcholine measurement,http://www.ebi.ac.uk/efo/EFO_0010224,GCST90060148,Genome-wide genotyping array,100241204,102491832
913,77893,10,rs55805447,120.1793,102100472,C,2020-09-18,32888494,Vuckovic D,2020-09-01,Cell,www.ncbi.nlm.nih.gov/pubmed/32888494,The Polygenic and Monogenic Basis of Blood Traits and Diseases.,Mean platelet volume,"408,112 British individuals",,10q24.31,10,100340715,RP11-34D15.2,PKD2L1 - SCD,ENSG00000107593,ENSG00000099194,,10451.0,6518.0,rs55805447-T,rs55805447,0,55805447.0,intron_variant,1.0,0.257609,4e-10,9.397940008672036,,0.01629157,[0.011-0.021] unit decrease,Affymetrix [93095623] (imputed),N,mean platelet volume,http://www.ebi.ac.uk/efo/EFO_0004584,GCST90002395,Genome-wide genotyping array,100241204,102491832
916,77896,10,rs735877,120.1877,102104521,C,2018-09-07,27618448,Liu C,2016-10-01,Nat Genet,www.ncbi.nlm.nih.gov/pubmed/27618448,Meta-analysis identifies common and rare variants influencing blood pressure and overlapping with metabolic trait loci.,Mean arterial pressure,"120,473 European ancestry individuals, 21,503 African American individuals, 4,586 Hispanic individuals",,10q24.31,10,100344764,intergenic,PKD2L1 - SCD,ENSG00000107593,ENSG00000099194,,14500.0,2469.0,rs735877-A,rs735877,0,735877.0,intron_variant,1.0,0.412190017235728,5e-07,6.301029995663981,,0.2354032,[0.14-0.33] unit increase,Illumina [247039],N,mean arterial pressure,http://www.ebi.ac.uk/efo/EFO_0006340,GCST006231,Exome genotyping array [Exome array],100241204,102491832
916,77896,10,rs735877,120.1877,102104521,C,2019-01-28,30535121,Gao XR,2018-12-07,Hum Mol Genet,www.ncbi.nlm.nih.gov/pubmed/30535121,Genome-wide association analyses identify 139 loci associated with macular thickness in the UK Biobank cohort.,Macular thickness,"59,814 European ancestry individuals","8,609 European ancestry individuals",10q24.31,10,100344764,"PKD2L1, SCD",PKD2L1 - SCD,ENSG00000107593,ENSG00000099194,,14500.0,2469.0,rs735877-?,rs735877,0,735877.0,intron_variant,1.0,NR,2e-10,9.69897000433602,,0.418,[0.28-0.56] unit decrease,Affymetrix [11100000] (imputed),N,macula measurement,http://www.ebi.ac.uk/efo/EFO_0008375,GCST006976,Genome-wide genotyping array,100241204,102491832
916,77896,10,rs735877,120.1877,102104521,C,2022-02-17,34503513,Harshfield EL,2021-09-10,BMC Med,www.ncbi.nlm.nih.gov/pubmed/34503513,Genome-wide analysis of blood lipid metabolites in over 5000 South Asians reveals biological insights at cardiometabolic disease loci.,Lysophosphatidylcholine_16:1_[M+H]1+/Lysophosphatidylethanolamine_19:1_[M+H]1+ levels,"13,814 British ancestry individuals",,10q24.31,10,100344764,,PKD2L1 - SCD,ENSG00000107593,ENSG00000099194,,14500.0,2469.0,rs735877-T,rs735877,0,735877.0,intron_variant,1.0,NR,2e-13,12.69897000433602,,0.0834403,[0.061-0.106] unit decrease,Affymetrix [87696910] (imputed),N,lysophosphatidylcholine measurement,http://www.ebi.ac.uk/efo/EFO_0010224,GCST90060148,Genome-wide genotyping array,100241204,102491832
918,77899,10,rs11599710,120.1903,102105788,G,2021-10-15,34343768,Chu X,2021-07-01,Sleep Med,www.ncbi.nlm.nih.gov/pubmed/34343768,Insomnia affects the levels of plasma bilirubin and protein metabolism: an observational study and GWGEIS in UK Biobank cohort.,Total protein levels x insomnia interaction,"93,452 cases with insomnia, 78,122 controls without insomnia",,10q24.31,10,100346031,,PKD2L1 - SCD,ENSG00000107593,ENSG00000099194,,15767.0,1202.0,rs11599710-?,rs11599710,0,11599710.0,intron_variant,1.0,NR,4e-08,7.397940008672037,,,,Affymetrix [NR] (imputed),N,"insomnia, total blood protein measurement","http://www.ebi.ac.uk/efo/EFO_0004698, http://www.ebi.ac.uk/efo/EFO_0004536",GCST90026658,Genome-wide genotyping array,100241204,102491832
929,77910,10,rs55710213,120.2176,102119000,C,2017-08-30,27863252,Astle WJ,2016-11-17,Cell,www.ncbi.nlm.nih.gov/pubmed/27863252,The Allelic Landscape of Human Blood Cell Trait Variation and Links to Common Complex Disease.,White blood cell count (basophil),"171,846 European ancestry individuals",,10q24.31,10,100359243,SCD,SCD,,,ENSG00000099194,,,rs55710213-T,rs55710213,0,55710213.0,intron_variant,0.0,0.361,2e-09,8.698970004336019,,0.0222364,[0.015-0.03] unit decrease,Affymetrix [~ 2500000] (imputed),N,basophil count,http://www.ebi.ac.uk/efo/EFO_0005090,GCST004618,Genome-wide genotyping array,100241204,102491832
1040,78053,10,rs4447106,120.6802,102359760,G,2022-04-27,35213538,Richardson TG,2022-02-25,PLoS Biol,www.ncbi.nlm.nih.gov/pubmed/35213538,Characterising metabolomic signatures of lipid-modifying therapies through drug target mendelian randomisation.,Ratio of saturated fatty acids to total fatty acids,"115,006 European ancestry individuals",,10q24.31,10,100600003,,HIF1AN - Metazoa_SRP,ENSG00000166135,ENSG00000273566,,40005.0,66692.0,rs4447106-G,rs4447106,0,4447106.0,regulatory_region_variant,1.0,0.883738,2e-11,10.69897000433602,,0.0430437,[0.03-0.056] unit increase,NR [11722792] (imputed),N,fatty acid measurement,http://www.ebi.ac.uk/efo/EFO_0005110,GCST90092981,Genome-wide genotyping array,100241204,102491832
1044,78057,10,rs2495726,120.6829,102362543,T,2021-06-29,33462484,Sinnott-Armstrong N,2021-01-18,Nat Genet,www.ncbi.nlm.nih.gov/pubmed/33462484,Genetics of 35 blood and urine biomarkers in the UK Biobank.,Serum alkaline phosphatase levels,"342,535 European ancestry individuals, 6,019 African ancestry individuals, 7,337 South Asian ancestry individuals",,10q24.31,10,100602786,NR,HIF1AN - Metazoa_SRP,ENSG00000166135,ENSG00000273566,,42788.0,63909.0,rs2495726-C,rs2495726,0,2495726.0,intergenic_variant,1.0,NR,3e-10,9.522878745280336,,0.0206,[0.014-0.027] unit increase,Affymetrix [9000000] (imputed),N,alkaline phosphatase measurement,http://www.ebi.ac.uk/efo/EFO_0004533,GCST90019494,Genome-wide genotyping array,100241204,102491832
1081,78105,10,rs72838588,120.7378,102420171,G,2020-04-17,31669095,Zhu Z,2019-10-24,J Allergy Clin Immunol,www.ncbi.nlm.nih.gov/pubmed/31669095,Shared Genetic and Experimental Links between Obesity-Related Traits and Asthma Subtypes in UK Biobank.,Body mass index,"457,822 European ancestry individuals",,10q24.31,10,100660414,NR,NA - Metazoa_SRP,,ENSG00000273566,,,6281.0,rs72838588-?,rs72838588,0,72838588.0,intergenic_variant,1.0,NR,2e-12,11.69897000433602,,,,Affymetrix [~ 8270000] (imputed),N,body mass index,http://www.ebi.ac.uk/efo/EFO_0004340,GCST009871,Genome-wide genotyping array,100241204,102491832
1094,78121,10,rs1419178,120.7613,102444894,T,2020-01-09,23823483,Rhee EP,2013-07-02,Cell Metab,www.ncbi.nlm.nih.gov/pubmed/23823483,A genome-wide association study of the human metabolome in a community-based cohort.,Metabolite levels,"2,076 European ancestry individuals",,10q24.31,10,100685137,HIF1AN,Metazoa_SRP - PAX2,ENSG00000273566,ENSG00000075891,,18128.0,50259.0,rs1419178-?,rs1419178,0,1419178.0,regulatory_region_variant,1.0,NR,9e-06,5.045757490560675,(TAG 48:0),0.22605158,[0.13-0.33] unit decrease,Affymetrix [at least 2500000] (imputed),N,triacylglycerol 48:0 measurement,http://www.ebi.ac.uk/efo/EFO_0010403,GCST009391,Genome-wide genotyping array,100241204,102491832
1099,78126,10,rs41310284,120.764,102447647,C,2019-02-06,30595370,Kichaev G,2018-12-27,Am J Hum Genet,www.ncbi.nlm.nih.gov/pubmed/30595370,Leveraging Polygenic Functional Enrichment to Improve GWAS Power.,Body mass index,"approximately 458,000 European ancestry individuals",,10q24.31,10,100687890,,Metazoa_SRP - PAX2,ENSG00000273566,ENSG00000075891,,20881.0,47506.0,rs41310284-?,rs41310284,0,41310284.0,intergenic_variant,1.0,NR,5e-21,20.30102999566398,,,,NR [~ 8900000] (imputed),N,body mass index,http://www.ebi.ac.uk/efo/EFO_0004340,GCST007039,Genome-wide genotyping array,100241204,102491832
1099,78126,10,rs41310284,120.764,102447647,C,2019-03-13,30664634,Rask-Andersen M,2019-01-21,Nat Commun,www.ncbi.nlm.nih.gov/pubmed/30664634,Genome-wide association study of body fat distribution identifies adiposity loci and sex-specific genetic effects.,Body fat distribution (arm fat ratio),"55,006 British ancestry males, 61,132 British ancestry females","112,425 British ancestry males, 133,936 British ancestry females",10q24.31,10,100687890,intergenic,Metazoa_SRP - PAX2,ENSG00000273566,ENSG00000075891,,20881.0,47506.0,rs41310284-A,rs41310284,0,41310284.0,intergenic_variant,1.0,0.0969716,4e-07,6.3979400086720375,,0.01065,NR unit decrease (replication),Affymetrix [25472837] (imputed),N,body fat distribution,http://www.ebi.ac.uk/efo/EFO_0004341,GCST007293,Genome-wide genotyping array,100241204,102491832
1099,78126,10,rs41310284,120.764,102447647,C,2019-11-05,30239722,Pulit SL,2018-09-14,Hum Mol Genet,www.ncbi.nlm.nih.gov/pubmed/30239722,"Meta-analysis of genome-wide association studies for body fat distribution in 694,649 individuals of European ancestry.",Body mass index,"806,834 European ancestry individuals",,10q24.31,10,100687890,,Metazoa_SRP - PAX2,ENSG00000273566,ENSG00000075891,,20881.0,47506.0,rs41310284-A,rs41310284,0,41310284.0,intergenic_variant,1.0,0.097,4e-19,18.39794000867204,,0.029,[0.023-0.035] unit decrease,NR [~ 27400000] (imputed),N,body mass index,http://www.ebi.ac.uk/efo/EFO_0004340,GCST009004,Genome-wide genotyping array,100241204,102491832
1099,78126,10,rs41310284,120.764,102447647,C,2021-01-26,32376654,Richardson TG,2020-05-06,BMJ,www.ncbi.nlm.nih.gov/pubmed/32376654,Use of genetic variation to separate the effects of early and later life adiposity on disease risk: mendelian randomisation study.,Adult body size,"453,169 European ancestry individuals",,10q24.31,10,100687890,PAX2,Metazoa_SRP - PAX2,ENSG00000273566,ENSG00000075891,,20881.0,47506.0,rs41310284-C,rs41310284,0,41310284.0,intergenic_variant,1.0,0.898985,1e-14,14.0,,0.0177406,[0.013-0.022] unit increase,Affymetrix [12370749],N,body height,http://www.ebi.ac.uk/efo/EFO_0004339,GCST010988,Genome-wide genotyping array,100241204,102491832
1099,78126,10,rs41310284,120.764,102447647,C,2021-01-26,32376654,Richardson TG,2020-05-06,BMJ,www.ncbi.nlm.nih.gov/pubmed/32376654,Use of genetic variation to separate the effects of early and later life adiposity on disease risk: mendelian randomisation study.,Body size at age 10,"453,169 European ancestry individuals",,10q24.31,10,100687890,PAX2,Metazoa_SRP - PAX2,ENSG00000273566,ENSG00000075891,,20881.0,47506.0,rs41310284-C,rs41310284,0,41310284.0,intergenic_variant,1.0,0.898985,1e-18,18.0,,0.0206042,[0.016-0.025] unit increase,Affymetrix [12370749],N,"comparative body size at age 10, self-reported",http://www.ebi.ac.uk/efo/EFO_0009819,GCST010989,Genome-wide genotyping array,100241204,102491832
1099,78126,10,rs41310284,120.764,102447647,C,2020-04-17,31669095,Zhu Z,2019-10-24,J Allergy Clin Immunol,www.ncbi.nlm.nih.gov/pubmed/31669095,Shared Genetic and Experimental Links between Obesity-Related Traits and Asthma Subtypes in UK Biobank.,Body mass index,"457,822 European ancestry individuals",,10q24.31,10,100687890,NR,Metazoa_SRP - PAX2,ENSG00000273566,ENSG00000075891,,20881.0,47506.0,rs41310284-?,rs41310284,0,41310284.0,intergenic_variant,1.0,NR,3e-20,19.522878745280337,,,,Affymetrix [~ 8270000] (imputed),N,body mass index,http://www.ebi.ac.uk/efo/EFO_0004340,GCST009871,Genome-wide genotyping array,100241204,102491832
1099,78126,10,rs41310284,120.764,102447647,C,2019-02-08,30595370,Kichaev G,2018-12-27,Am J Hum Genet,www.ncbi.nlm.nih.gov/pubmed/30595370,Leveraging Polygenic Functional Enrichment to Improve GWAS Power.,Lung function (FVC),"approximately 372,000 European ancestry individuals",,10q24.31,10,100687890,,Metazoa_SRP - PAX2,ENSG00000273566,ENSG00000075891,,20881.0,47506.0,rs41310284-?,rs41310284,0,41310284.0,intergenic_variant,1.0,NR,6e-16,15.221848749616356,,,,NR [~ 8900000] (imputed),N,vital capacity,http://www.ebi.ac.uk/efo/EFO_0004312,GCST007081,Genome-wide genotyping array,100241204,102491832
1099,78126,10,rs41310284,120.764,102447647,C,2021-12-14,34594039,Sakaue S,2021-09-30,Nat Genet,www.ncbi.nlm.nih.gov/pubmed/34594039,A cross-population atlas of genetic associations for 220 human phenotypes.,Body mass index,"359,983 European ancestry individuals, 163,835 East Asian ancestry individuals",,10q24.31,10,100687890,,Metazoa_SRP - PAX2,ENSG00000273566,ENSG00000075891,,20881.0,47506.0,rs41310284-A,rs41310284,0,41310284.0,intergenic_variant,1.0,NR,2e-14,13.69897000433602,,0.0295,[0.022-0.037] unit decrease,"Affymetrix, Illumina [20538802] (imputed)",N,body mass index,http://www.ebi.ac.uk/efo/EFO_0004340,GCST90018947,Genome-wide genotyping array,100241204,102491832
1108,78140,10,rs7916385,120.7857,102470432,C,2020-04-17,31669095,Zhu Z,2019-10-24,J Allergy Clin Immunol,www.ncbi.nlm.nih.gov/pubmed/31669095,Shared Genetic and Experimental Links between Obesity-Related Traits and Asthma Subtypes in UK Biobank.,Body mass index,"457,822 European ancestry individuals",,10q24.31,10,100710675,NR,Metazoa_SRP - PAX2,ENSG00000273566,ENSG00000075891,,43666.0,24721.0,rs7916385-?,rs7916385,0,7916385.0,intergenic_variant,1.0,NR,8e-16,15.096910013008056,,,,Affymetrix [~ 8270000] (imputed),N,body mass index,http://www.ebi.ac.uk/efo/EFO_0004340,GCST009871,Genome-wide genotyping array,100241204,102491832
65,22249,5,rs13169349,45.9185,26430825,C,2020-12-04,33208821,Ishida S,2020-11-18,Commun Biol,www.ncbi.nlm.nih.gov/pubmed/33208821,Genome-wide association studies and heritability analysis reveal the involvement of host genetics in the Japanese gut microbiota.,Gut microbiota relative abundance (Sutterella),"1,068 Japanese ancestry individuals",,5p14.1,5,26430716,intergenic,,,,,,,rs13169349-T,rs13169349,0,13169349.0,intergenic_variant,1.0,0.27,8e-06,5.096910013008056,(female),0.0364,[0.021-0.052] unit increase,Illumina [6380737] (imputed),N,gut microbiome measurement,http://www.ebi.ac.uk/efo/EFO_0007874,GCST90007007,Genome-wide genotyping array,26343342,27959466
132,22323,5,rs6452345,46.0884,26568243,C,2017-02-24,27236921,Rautanen A,2016-06-02,Am J Hum Genet,www.ncbi.nlm.nih.gov/pubmed/27236921,Polymorphism in a lincRNA Associates with a Doubled Risk of Pneumococcal Bacteremia in Kenyan Children.,Pneumococcal bacteremia,"429 African ancestry cases, 2,677 African ancestry controls","113  African ancestry cases, 1,336 African ancestry controls",5p14.1,5,26568134,intergenic,,,,,,,rs6452345-?,rs6452345,0,6452345.0,intergenic_variant,1.0,NR,5e-06,5.301029995663981,,3.22,[NR],Affymetrix [up to 10996499] (imputed),N,pneumococcal bacteremia,http://www.ebi.ac.uk/efo/EFO_1001925,GCST003649,Genome-wide genotyping array,26343342,27959466
189,22383,5,rs1390638,46.1967,26655797,G,2020-12-04,33208821,Ishida S,2020-11-18,Commun Biol,www.ncbi.nlm.nih.gov/pubmed/33208821,Genome-wide association studies and heritability analysis reveal the involvement of host genetics in the Japanese gut microbiota.,Gut microbiota alpha diversity (Chao1 index),541 Japanese ancestry women,,5p14.1,5,26655688,intergenic,NA - CCNB3P1,,ENSG00000249616,,,84065.0,rs1390638-A,rs1390638,0,1390638.0,intergenic_variant,1.0,0.35,1e-06,6.0,,51.2,[30.82-71.58] unit decrease,Illumina [545605],N,gut microbiome measurement,http://www.ebi.ac.uk/efo/EFO_0007874,GCST90007012,Genome-wide genotyping array,26343342,27959466
189,22383,5,rs1390638,46.1967,26655797,G,2020-12-04,33208821,Ishida S,2020-11-18,Commun Biol,www.ncbi.nlm.nih.gov/pubmed/33208821,Genome-wide association studies and heritability analysis reveal the involvement of host genetics in the Japanese gut microbiota.,Gut microbiota alpha diversity (PD_whole_tree index),"1,068 Japanese ancestry individuals",,5p14.1,5,26655688,intergenic,NA - CCNB3P1,,ENSG00000249616,,,84065.0,rs1390638-A,rs1390638,0,1390638.0,intergenic_variant,1.0,0.35,3e-06,5.522878745280337,(female),1.22,[0.71-1.73] unit decrease,Illumina [6380737] (imputed),N,gut microbiome measurement,http://www.ebi.ac.uk/efo/EFO_0007874,GCST010818,Genome-wide genotyping array,26343342,27959466
242,22436,5,rs4479806,46.2072,26723783,C,2011-01-06,21079607,Wang K,2010-11-16,Mol Psychiatry,www.ncbi.nlm.nih.gov/pubmed/21079607,A genome-wide association study on common SNPs and rare CNVs in anorexia nervosa.,Anorexia nervosa,"1,033 European ancestry cases, 3,733 European ancestry controls",,5p14.1,5,26723674,CDH9,NA - CCNB3P1,,ENSG00000249616,,,16079.0,rs4479806-?,rs4479806,0,4479806.0,intron_variant,1.0,0.10,8e-06,5.096910013008056,,,,Illumina [~ 598000],N,anorexia nervosa,http://www.ebi.ac.uk/efo/EFO_0004215,GCST000873,Genome-wide genotyping array,26343342,27959466
400,22624,5,rs1946473,46.5257,26972683,G,2018-10-31,29942085,Nagel M,2018-06-25,Nat Genet,www.ncbi.nlm.nih.gov/pubmed/29942085,"Meta-analysis of genome-wide association studies for neuroticism in 449,484 individuals identifies novel genetic loci and pathways.",Depression,"688,809 European ancestry individuals",,5p14.1,5,26972576,NR,CDH9,,,ENSG00000113100,,,rs1946473-A,rs1946473,0,1946473.0,intron_variant,0.0,NR,3e-08,7.522878745280337,,5.548,z score decrease,Affymetrix [10847151] (imputed),N,unipolar depression,http://www.ebi.ac.uk/efo/EFO_0003761,GCST006477,Genome-wide genotyping array,26343342,27959466
400,22624,5,rs1946473,46.5257,26972683,G,2020-10-07,32606422,Wu Y,2020-06-30,Transl Psychiatry,www.ncbi.nlm.nih.gov/pubmed/32606422,Multi-trait analysis for genome-wide association study of five psychiatric disorders.,Depressive symptoms,"688,809 individuals",,5p14.1,5,26972576,NR,CDH9,,,ENSG00000113100,,,rs1946473-?,rs1946473,0,1946473.0,intron_variant,0.0,,3e-08,7.522878745280337,,,,NR [11140414],N,depressive symptom measurement,http://www.ebi.ac.uk/efo/EFO_0007006,GCST010647,Genome-wide genotyping array,26343342,27959466
837,23079,5,rs10454836,47.1454,27748053,T,2022-09-01,31882771,Al-Khelaifi F,2019-12-27,Sci Rep,www.ncbi.nlm.nih.gov/pubmed/31882771,Metabolic GWAS of elite athletes reveals novel genetically-influenced metabolites associated with athletic performance.,"5alpha-androstan-3alpha,17beta-diol disulfate levels in elite athletes",490 individuals,,5p14.1,5,27747946,,PURPL - LINC02103,ENSG00000250337,ENSG00000249785,,250952.0,538018.0,rs10454836-?,rs10454836,0,10454836.0,intergenic_variant,1.0,NR,1e-05,5.0,,0.3002464,[0.17-0.43] unit increase,Illumina [275016],N,lipid measurement,http://www.ebi.ac.uk/efo/EFO_0004529,GCST90133841,Genome-wide genotyping array,26343342,27959466
889,23134,5,rs4074741,47.1899,27817189,A,2018-09-17,29844566,Davies G,2018-05-29,Nat Commun,www.ncbi.nlm.nih.gov/pubmed/29844566,"Study of 300,486 individuals identifies 148 independent genetic loci influencing general cognitive function.",General cognitive ability,"up to 300,486 European ancestry individuals",,5p14.1,5,27817082,NR,NA - PDE8B,,ENSG00000113231,,,49393367.0,rs4074741-?,rs4074741,0,4074741.0,intergenic_variant,1.0,NR,4e-07,6.3979400086720375,,5.05,z-score increase,"Affymetrix, Illumina [at least 2500000] (imputed)",N,intelligence,http://www.ebi.ac.uk/efo/EFO_0004337,GCST006269,Genome-wide genotyping array,26343342,27959466
879,80405,10,rs117736305,123.06,106229405,G,2022-07-01,35361970,Okbay A,2022-03-31,Nat Genet,www.ncbi.nlm.nih.gov/pubmed/35361970,Polygenic prediction of educational attainment within and between families from genome-wide association analyses in 3 million individuals.,Educational attainment,"3,037,499 European ancestry individuals",,10q25.1,10,104469647,,CFAP58 - LINC02620,ENSG00000120051,ENSG00000225768,,14545.0,5292.0,rs117736305-A,rs117736305,0,117736305.0,intergenic_variant,1.0,0.0556,1e-13,13.0,,0.0169635,[0.012-0.021] unit decrease,Illumina [10675380] (imputed),N,educational attainment,http://www.ebi.ac.uk/efo/EFO_0011015,GCST90105038,Genome-wide genotyping array,104239100,107658318
917,80460,10,rs6584608,123.06,106281629,G,2018-11-12,30038396,Lee JJ,2018-07-23,Nat Genet,www.ncbi.nlm.nih.gov/pubmed/30038396,Gene discovery and polygenic prediction from a genome-wide association study of educational attainment in 1.1 million individuals.,Educational attainment (MTAG),"1,311,438 European ancestry individuals",,10q25.1,10,104521871,Intergenic,LINC02620 - NA,ENSG00000225768,,,41597.0,,rs6584608-T,rs6584608,0,6584608.0,intergenic_variant,1.0,0.2206,4e-09,8.397940008672037,(MTAG),0.0093,[0.0062-0.0124] unit decrease,"Affymetrix, Illumina [7100000] (imputed)",N,self reported educational attainment,http://www.ebi.ac.uk/efo/EFO_0004784,GCST006571,Genome-wide genotyping array,104239100,107658318
922,80465,10,rs975145,123.06,106285308,G,2022-09-01,31882771,Al-Khelaifi F,2019-12-27,Sci Rep,www.ncbi.nlm.nih.gov/pubmed/31882771,Metabolic GWAS of elite athletes reveals novel genetically-influenced metabolites associated with athletic performance.,Cis-4-decenoylcarnitine (C10:1) levels in elite athletes,490 individuals,,10q25.1,10,104525550,,LINC02620 - SORCS3,ENSG00000225768,ENSG00000156395,,45276.0,115740.0,rs975145-?,rs975145,0,975145.0,intergenic_variant,1.0,NR,2e-06,5.698970004336019,,0.34922764,[0.21-0.49] unit decrease,Illumina [275016],N,lipid measurement,http://www.ebi.ac.uk/efo/EFO_0004529,GCST90133911,Genome-wide genotyping array,104239100,107658318
1141,80772,10,rs6584642,123.3702,106691453,G,2020-01-09,23823483,Rhee EP,2013-07-02,Cell Metab,www.ncbi.nlm.nih.gov/pubmed/23823483,A genome-wide association study of the human metabolome in a community-based cohort.,Metabolite levels,"2,076 European ancestry individuals",,10q25.1,10,104931695,C10orf80,SORCS3,,,ENSG00000156395,,,rs6584642-?,rs6584642,0,6584642.0,intron_variant,0.0,NR,6e-06,5.221848749616356,(LPE 16:0),0.28417373,[0.16-0.41] unit increase,Affymetrix [at least 2500000] (imputed),N,lysophosphatidylethanolamine 16:0 measurement,http://www.ebi.ac.uk/efo/EFO_0010366,GCST009391,Genome-wide genotyping array,104239100,107658318
1187,80827,10,rs790647,123.5146,106776484,C,2018-10-19,30038396,Lee JJ,2018-07-23,Nat Genet,www.ncbi.nlm.nih.gov/pubmed/30038396,Gene discovery and polygenic prediction from a genome-wide association study of educational attainment in 1.1 million individuals.,Educational attainment (years of education),"up to 1,131,881 European ancestry individuals",,10q25.1,10,105016726,,SORCS3,,,ENSG00000156395,,,rs790647-A,rs790647,0,790647.0,intron_variant,0.0,0.2278,4e-18,17.397940008672037,,0.0145,[0.011-0.018] unit decrease,"Affymetrix, Illumina [10000000] (imputed)",N,self reported educational attainment,http://www.ebi.ac.uk/efo/EFO_0004784,GCST006442,Genome-wide genotyping array,104239100,107658318
1187,80827,10,rs790647,123.5146,106776484,C,2022-04-05,34855049,Pasman JA,2021-12-02,Behav Genet,www.ncbi.nlm.nih.gov/pubmed/34855049,Genetic Risk for Smoking: Disentangling Interplay Between Genes and Socioeconomic Status.,Educational attainment,"451,800 European or unknown ancestry individuals",,10q25.1,10,105016726,,SORCS3,,,ENSG00000156395,,,rs790647-?,rs790647,0,790647.0,intron_variant,0.0,NR,3e-09,8.522878745280337,,,,NR [1300000],N,educational attainment,http://www.ebi.ac.uk/efo/EFO_0011015,GCST90100570,Genome-wide genotyping array,104239100,107658318
1187,80827,10,rs790647,123.5146,106776484,C,2018-11-12,30038396,Lee JJ,2018-07-23,Nat Genet,www.ncbi.nlm.nih.gov/pubmed/30038396,Gene discovery and polygenic prediction from a genome-wide association study of educational attainment in 1.1 million individuals.,Cognitive performance (MTAG),"402,382 European ancestry individuals",,10q25.1,10,105016726,Intergenic,SORCS3,,,ENSG00000156395,,,rs790647-A,rs790647,0,790647.0,intron_variant,0.0,0.2294,3e-12,11.522878745280336,(MTAG),0.0191,[0.014-0.024] unit decrease,"Affymetrix, Illumina [7100000] (imputed)",N,cognitive function measurement,http://www.ebi.ac.uk/efo/EFO_0008354,GCST006570,Genome-wide genotyping array,104239100,107658318
1191,80833,10,rs7082671,123.523,106781426,G,2022-08-24,35762941,Plotnikov D,2022-06-01,Invest Ophthalmol Vis Sci,www.ncbi.nlm.nih.gov/pubmed/35762941,High Blood Pressure and Intraocular Pressure: A Mendelian Randomization Study.,Diastolic blood pressure,"526,001 European ancestry individuals",,10q25.1,10,105021668,,SORCS3,,,ENSG00000156395,,,rs7082671-A,rs7082671,0,7082671.0,intron_variant,0.0,NR,7e-12,11.154901959985745,,0.5741,[0.41-0.74] unit increase,NR [NR] (imputed),N,diastolic blood pressure,http://www.ebi.ac.uk/efo/EFO_0006336,GCST90132904,Genome-wide genotyping array,104239100,107658318
1191,80833,10,rs7082671,123.523,106781426,G,2022-08-24,35762941,Plotnikov D,2022-06-01,Invest Ophthalmol Vis Sci,www.ncbi.nlm.nih.gov/pubmed/35762941,High Blood Pressure and Intraocular Pressure: A Mendelian Randomization Study.,Systolic blood pressure,"526,001 European ancestry individuals",,10q25.1,10,105021668,,SORCS3,,,ENSG00000156395,,,rs7082671-A,rs7082671,0,7082671.0,intron_variant,0.0,NR,2e-09,8.698970004336019,,0.866,[0.58-1.15] unit increase,NR [NR] (imputed),N,systolic blood pressure,http://www.ebi.ac.uk/efo/EFO_0006335,GCST90132903,Genome-wide genotyping array,104239100,107658318
